2667 3809
434 529 907 596 unnoutsfflsronm.
947 530 1011 620 xliij

321 691 392 758 ‘dum
414 693 552 775 pugnabo
573 709 688 750 mecum
709 705 742 748 ut
759 687 868 753 sentiat.

340 798 440 852 Annus
447 789 486 847 U.
496 789 609 855 C.716.
618 785 735 864 Augusti
745 797 795 848 26.
805 788 924 867 Virgilii
935 811 983 867 33.

363 883 508 945 APPIUS
537 880 745 943 CLAUDIUS
775 882 970 942 PULCHER.

363 981 405 1039 C.
426 975 700 1045 NORBANUS
723 976 960 1036 FLACCUS.

402 1091 500 1150 Elium
519 1087 591 1150 inter
603 1086 797 1152 Odavianum
816 1095 844 1149 &
869 1091 906 1149 S.
927 1089 1016 1150 Pom·

402 1171 501 1252 peium
528 1186 711 1245 renovatur,
737 1169 854 1235 adversa
885 1168 1013 1253 primiun

322 1250 474 1313 Oiiaviani
483 1251 605 1313 fortuna.

357 1333 499 1418 Virgilius
512 1326 658 1393 Bucolicis
669 1329 757 1391 finem
777 1328 917 1414 imponit,
929 1331 1012 1413 post-

319 1436 406 1495 quam
420 1436 456 1477 ea
466 1414 590 1474 triennio
599 1426 666 1472 ante
685 1409 839 1492 incepisset.
859 1417 944 1476 Tunc
962 1434 1013 1474 er-

320 1519 360 1580 go
374 1495 476 1577 scripta
489 1493 528 1555 est
539 1496 671 1573 Ecloga,
695 1513 756 1568 quae
775 1493 884 1559 decima
906 1515 1012 1555 nume·

319 1594 398 1638 ratur
409 1619 420 1648 ,
432 1594 519 1653 quam
535 1573 590 1635 hic
608 1571 667 1651 ipse
680 1571 825 1652 consignat
842 1572 931 1634 noti:
951 1582 1011 1634 Ex-

320 1677 440 1718 tremum
452 1658 523 1714 hunc
533 1696 543 1725 ‚
555 1651 689 1728 Arethusa
700 1693 711 1723 ‚
721 1653 792 1711 mihi
811 1656 925 1715 concede
935 1653 1013 1713 iabo-

322 1760 390 1798 rem.
409 1735 553 1806 Cetetae,
582 1754 651 1812 quas
673 1730 723 1792 hic
747 1733 920 1806 omifimus‚
954 1755 1013 1813 quo

320 1834 454 1898 tempore
464 1814 573 1897 scriptae
584 1815 655 1887 fiat,
670 1811 741 1872 nihil
754 1816 833 1877 certo
847 1814 962 1876 indicat.

341 1935 440 1989 Annus
446 1926 486 1990 U.
496 1927 535 1985 C.
545 1946 615 2000 717.
624 1923 744 2005 Augusti
754 1947 801 1996 27.
810 1927 932 2008 Virgilii
942 1945 989 2005 34.

359 2025 403 2081 M.
427 2018 699 2081 VIPSANIUS
717 2018 925 2083 AGRIPPA
949 2023 975 2083 1.

358 2122 394 2180 L.
416 2114 660 2178 cnululus
685 2119 877 2181 GALLUS.

319 2226 404 2387 D
418 2227 480 2287 um
492 2226 622 2288 adversus
633 2230 663 2288 s.
685 2211 1012 2311 Pompeium'oeavia-

418 2327 473 2368 nus
498 2307 609 2371 bellum
634 2308 788 2384 instaurat,
814 2312 924 2374 orditur
944 2318 1014 2377 Vir-

317 2389 406 2472 gilius
420 2389 587 2450 Maecenatis
597 2389 678 2451 suasu
694 2392 840 2475 Georgica
853 2437 861 2464 ‚
873 2415 933 2473 quae
946 2397 1015 2477 stp-

318 2487 379 2561 tem
393 2469 475 2530 annis
501 2469 738 2548 consequentibus
760 2474 927 2558 exequitur,
948 2499 1011 2542 ma·

318 2568 444 2614 uimaex
454 2568 534 2632 parte
545 2551 682 2635 Neapoli.
898 2555 903 2565 ’
