<?xml version="1.0" encoding="UTF-8"?>
<!DOCTYPE html PUBLIC "-//W3C//DTD XHTML 1.0 Transitional//EN"
    "http://www.w3.org/TR/xhtml1/DTD/xhtml1-transitional.dtd">
<html xmlns="http://www.w3.org/1999/xhtml" xml:lang="en" lang="en">
 <head>
  <title>
</title>
<meta http-equiv="Content-Type" content="text/html;charset=utf-8" />
  <meta name='ocr-system' content='tesseract 3.04.00' />
  <meta name='ocr-capabilities' content='ocr_page ocr_carea ocr_par ocr_line ocrx_word'/>
</head>
<body>
  <div class='ocr_page' id='page_1' title='image "./operacurisstudi00virggoog_0057.png"; bbox 0 0 2667 3809; ppageno 0'>
   <div class='ocr_carea' id='block_1_1' title="bbox 275 466 1010 625">
    <p class='ocr_par' dir='ltr' id='par_1_1' title="bbox 275 466 1010 625">
     <span class='ocr_line' id='line_1_1' title="bbox 275 466 1010 625; baseline -0.003 -37"><span class='ocrx_word' id='word_1_1' title='bbox 275 602 277 606; x_wconf 36' lang='grc'><strong>,</strong></span> <span class='ocrx_word' id='word_1_2' title='bbox 316 584 318 587; x_wconf 78' lang='grc'>,</span> <span class='ocrx_word' id='word_1_3' title='bbox 394 524 604 604; x_wconf 71' lang='lat' dir='ltr'>nranonrs</span> <span class='ocrx_word' id='word_1_4' title='bbox 645 466 863 625; x_wconf 65' lang='lat' dir='ltr'>rirsronrn.</span> <span class='ocrx_word' id='word_1_5' title='bbox 906 521 1010 615; x_wconf 62' lang='lat' dir='ltr'>xxxvii</span> 
     </span>
    </p>
   </div>
   <div class='ocr_carea' id='block_1_2' title="bbox 291 679 1019 2447">
    <p class='ocr_par' dir='ltr' id='par_1_2' title="bbox 291 679 1018 2107">
     <span class='ocr_line' id='line_1_2' title="bbox 316 679 1009 745; baseline -0.001 -1"><span class='ocrx_word' id='word_1_6' title='bbox 316 679 460 744; x_wconf 64' lang='lat' dir='ltr'>notiore.</span> <span class='ocrx_word' id='word_1_7' title='bbox 479 683 576 743; x_wconf 72' lang='lat' dir='ltr'>Multo</span> <span class='ocrx_word' id='word_1_8' title='bbox 600 680 691 742; x_wconf 75' lang='lat' dir='ltr'>mimis</span> <span class='ocrx_word' id='word_1_9' title='bbox 715 683 823 744; x_wconf 82' lang='lat' dir='ltr'>serendi</span> <span class='ocrx_word' id='word_1_10' title='bbox 846 685 956 745; x_wconf 85' lang='lat' dir='ltr'>Probus</span> <span class='ocrx_word' id='word_1_11' title='bbox 981 690 1009 743; x_wconf 78' lang='grc' dir='ltr'>δι</span> 
     </span>
     <span class='ocr_line' id='line_1_3' title="bbox 317 762 1009 843; baseline -0.006 -17"><span class='ocrx_word' id='word_1_12' title='bbox 317 762 500 843; x_wconf 87' lang='lat' dir='ltr'>Pomponius</span> <span class='ocrx_word' id='word_1_13' title='bbox 514 762 649 833; x_wconf 83' lang='lat' dir='ltr'>sabinus,</span> <span class='ocrx_word' id='word_1_14' title='bbox 662 762 711 839; x_wconf 90' lang='lat' dir='ltr'>qui</span> <span class='ocrx_word' id='word_1_15' title='bbox 723 763 752 821; x_wconf 90' lang='lat' dir='ltr'>id</span> <span class='ocrx_word' id='word_1_16' title='bbox 766 764 796 822; x_wconf 90' lang='lat' dir='ltr'>in</span> <span class='ocrx_word' id='word_1_17' title='bbox 808 765 956 824; x_wconf 76' lang='lat' dir='ltr'>Affiacam</span> <span class='ocrx_word' id='word_1_18' title='bbox 964 763 1009 822; x_wconf 88' lang='lat' dir='ltr'>di-</span> 
     </span>
     <span class='ocr_line' id='line_1_4' title="bbox 320 842 1010 924; baseline -0.003 -20"><span class='ocrx_word' id='word_1_19' title='bbox 320 843 463 904; x_wconf 78' lang='lat' dir='ltr'>visionem</span> <span class='ocrx_word' id='word_1_20' title='bbox 485 842 677 924; x_wconf 83' lang='lat' dir='ltr'>rejiciunt,&amp;</span> <span class='ocrx_word' id='word_1_21' title='bbox 699 863 807 901; x_wconf 92' lang='lat' dir='ltr'>annum</span> <span class='ocrx_word' id='word_1_22' title='bbox 827 845 865 902; x_wconf 90' lang='lat' dir='ltr'>U.</span> <span class='ocrx_word' id='word_1_23' title='bbox 881 846 919 902; x_wconf 90' lang='lat' dir='ltr'>C.</span> <span class='ocrx_word' id='word_1_24' title='bbox 942 865 1010 921; x_wconf 78' lang='lat'><strong>⁷²3·</strong></span> 
     </span>
     <span class='ocr_line' id='line_1_5' title="bbox 321 920 1013 1003; baseline -0.004 -19"><span class='ocrx_word' id='word_1_25' title='bbox 321 920 403 984; x_wconf 73' lang='lat' dir='ltr'>Cum</span> <span class='ocrx_word' id='word_1_26' title='bbox 422 921 499 982; x_wconf 87' lang='lat' dir='ltr'>enim</span> <span class='ocrx_word' id='word_1_27' title='bbox 518 925 534 982; x_wconf 75' lang='grc' dir='ltr'><strong>ὲ</strong></span> <span class='ocrx_word' id='word_1_28' title='bbox 549 921 690 1002; x_wconf 88' lang='lat' dir='ltr'>plerisque</span> <span class='ocrx_word' id='word_1_29' title='bbox 704 922 835 983; x_wconf 91' lang='lat' dir='ltr'>omnibus</span> <span class='ocrx_word' id='word_1_30' title='bbox 848 921 1013 1003; x_wconf 80' lang='lat' dir='ltr'>Virgilianae</span> 
     </span>
     <span class='ocr_line' id='line_1_6' title="bbox 322 1000 1017 1082; baseline 0 -21"><span class='ocrx_word' id='word_1_31' title='bbox 322 1000 392 1075; x_wconf 52' lang='lat' dir='ltr'>,vitae</span> <span class='ocrx_word' id='word_1_32' title='bbox 403 1001 590 1082; x_wconf 87' lang='lat' dir='ltr'>Scriptoribus</span> <span class='ocrx_word' id='word_1_33' title='bbox 602 1022 710 1064; x_wconf 84' lang='lat' dir='ltr'>certum</span> <span class='ocrx_word' id='word_1_34' title='bbox 719 1003 752 1062; x_wconf 85' lang='lat' dir='ltr'>fit</span> <span class='ocrx_word' id='word_1_35' title='bbox 762 1045 772 1075; x_wconf 92' lang='lat'>,</span> <span class='ocrx_word' id='word_1_36' title='bbox 783 1004 921 1063; x_wconf 85' lang='lat' dir='ltr'>Bucolica</span> <span class='ocrx_word' id='word_1_37' title='bbox 934 1002 1017 1061; x_wconf 87' lang='lat' dir='ltr'>trien·</span> 
     </span>
     <span class='ocr_line' id='line_1_7' title="bbox 324 1081 1017 1162; baseline -0.001 -19"><span class='ocrx_word' id='word_1_38' title='bbox 324 1084 378 1143; x_wconf 86' lang='lat' dir='ltr'>nio</span> <span class='ocrx_word' id='word_1_39' title='bbox 392 1081 447 1143; x_wconf 84' lang='lat' dir='ltr'>effe</span> <span class='ocrx_word' id='word_1_40' title='bbox 458 1083 598 1162; x_wconf 59' lang='lat' dir='ltr'>perfectu</span> <span class='ocrx_word' id='word_1_41' title='bbox 615 1100 725 1145; x_wconf 84' lang='lat' dir='ltr'>certum</span> <span class='ocrx_word' id='word_1_42' title='bbox 737 1082 806 1144; x_wconf 83' lang='lat' dir='ltr'>item</span> <span class='ocrx_word' id='word_1_43' title='bbox 817 1126 827 1156; x_wconf 85' lang='lat'>‚</span> <span class='ocrx_word' id='word_1_44' title='bbox 838 1102 872 1144; x_wconf 91' lang='lat' dir='ltr'>ut</span> <span class='ocrx_word' id='word_1_45' title='bbox 883 1103 954 1142; x_wconf 88' lang='lat' dir='ltr'>mox</span> <span class='ocrx_word' id='word_1_46' title='bbox 966 1082 1017 1142; x_wconf 76' lang='lat' dir='ltr'>de-</span> 
     </span>
     <span class='ocr_line' id='line_1_8' title="bbox 322 1162 1015 1248; baseline 0.003 -26"><span class='ocrx_word' id='word_1_47' title='bbox 322 1162 541 1240; x_wconf 82' lang='lat' dir='ltr'>monstrabitur,</span> <span class='ocrx_word' id='word_1_48' title='bbox 551 1164 691 1248; x_wconf 88' lang='lat' dir='ltr'>Eclogam</span> <span class='ocrx_word' id='word_1_49' title='bbox 704 1185 833 1244; x_wconf 86' lang='lat' dir='ltr'>quartam</span> <span class='ocrx_word' id='word_1_50' title='bbox 841 1185 916 1225; x_wconf 92' lang='lat' dir='ltr'>anno</span> <span class='ocrx_word' id='word_1_51' title='bbox 927 1164 964 1224; x_wconf 88' lang='lat' dir='ltr'>U.</span> <span class='ocrx_word' id='word_1_52' title='bbox 974 1165 1015 1224; x_wconf 87' lang='lat' dir='ltr'>C.</span> 
     </span>
     <span class='ocr_line' id='line_1_9' title="bbox 323 1245 1014 1319; baseline 0.006 -17"><span class='ocrx_word' id='word_1_53' title='bbox 323 1264 395 1315; x_wconf 85' lang='lat'><strong>7¹4·</strong></span> <span class='ocrx_word' id='word_1_54' title='bbox 408 1245 542 1307; x_wconf 83' lang='lat' dir='ltr'><strong>Pollione</strong></span> <span class='ocrx_word' id='word_1_55' title='bbox 558 1247 710 1319; x_wconf 82' lang='lat' dir='ltr'>consule,</span> <span class='ocrx_word' id='word_1_56' title='bbox 729 1245 784 1308; x_wconf 82' lang='lat' dir='ltr'>effe</span> <span class='ocrx_word' id='word_1_57' title='bbox 805 1246 934 1308; x_wconf 85' lang='lat' dir='ltr'>editam:</span> <span class='ocrx_word' id='word_1_58' title='bbox 948 1265 1014 1306; x_wconf 88' lang='lat' dir='ltr'>cer-</span> 
     </span>
     <span class='ocr_line' id='line_1_10' title="bbox 322 1325 1012 1407; baseline 0.003 -22"><span class='ocrx_word' id='word_1_59' title='bbox 322 1341 386 1386; x_wconf 86' lang='lat' dir='ltr'>tum</span> <span class='ocrx_word' id='word_1_60' title='bbox 398 1325 428 1385; x_wconf 91' lang='lat' dir='ltr'>id</span> <span class='ocrx_word' id='word_1_61' title='bbox 441 1346 556 1405; x_wconf 88' lang='lat' dir='ltr'>quoque</span> <span class='ocrx_word' id='word_1_62' title='bbox 576 1326 738 1388; x_wconf 88' lang='lat' dir='ltr'>habendum</span> <span class='ocrx_word' id='word_1_63' title='bbox 758 1326 821 1399; x_wconf 86' lang='lat' dir='ltr'>est,</span> <span class='ocrx_word' id='word_1_64' title='bbox 839 1328 961 1407; x_wconf 87' lang='lat' dir='ltr'>spatium</span> <span class='ocrx_word' id='word_1_65' title='bbox 970 1326 1012 1387; x_wconf 92' lang='lat' dir='ltr'>il-</span> 
     </span>
     <span class='ocr_line' id='line_1_11' title="bbox 321 1405 1011 1479; baseline 0.001 -14"><span class='ocrx_word' id='word_1_66' title='bbox 321 1405 374 1479; x_wconf 74' lang='lat' dir='ltr'>lud</span> <span class='ocrx_word' id='word_1_67' title='bbox 382 1407 495 1467; x_wconf 89' lang='lat' dir='ltr'>triennii</span> <span class='ocrx_word' id='word_1_68' title='bbox 508 1407 583 1467; x_wconf 81' lang='lat' dir='ltr'>circa</span> <span class='ocrx_word' id='word_1_69' title='bbox 594 1409 785 1469; x_wconf 84' lang='lat' dir='ltr'>Consulatum</span> <span class='ocrx_word' id='word_1_70' title='bbox 794 1408 933 1468; x_wconf 90' lang='lat' dir='ltr'>Pollionis</span> <span class='ocrx_word' id='word_1_71' title='bbox 946 1428 1011 1467; x_wconf 90' lang='lat' dir='ltr'>om-</span> 
     </span>
     <span class='ocr_line' id='line_1_12' title="bbox 291 1485 1012 1565; baseline 0 -18"><span class='ocrx_word' id='word_1_72' title='bbox 291 1538 293 1540; x_wconf 95' lang='lat'>.</span> <span class='ocrx_word' id='word_1_73' title='bbox 322 1485 393 1547; x_wconf 69' lang='lat' dir='ltr'>nini&gt;</span> <span class='ocrx_word' id='word_1_74' title='bbox 415 1485 469 1548; x_wconf 86' lang='lat' dir='ltr'>effe</span> <span class='ocrx_word' id='word_1_75' title='bbox 489 1487 708 1548; x_wconf 82' lang='lat' dir='ltr'>numerandum.</span> <span class='ocrx_word' id='word_1_76' title='bbox 732 1488 815 1547; x_wconf 84' lang='lat' dir='ltr'>Adde</span> <span class='ocrx_word' id='word_1_77' title='bbox 835 1487 912 1565; x_wconf 88' lang='lat' dir='ltr'>quod</span> <span class='ocrx_word' id='word_1_78' title='bbox 934 1486 1012 1547; x_wconf 88' lang='lat' dir='ltr'>idem</span> 
     </span>
     <span class='ocr_line' id='line_1_13' title="bbox 323 1552 1014 1650; baseline 0.004 -25"><span class='ocrx_word' id='word_1_79' title='bbox 323 1552 384 1646; x_wconf 83' lang='lat' dir='ltr'>ipse</span> <span class='ocrx_word' id='word_1_80' title='bbox 406 1566 586 1647; x_wconf 85' lang='lat' dir='ltr'>Pomponius</span> <span class='ocrx_word' id='word_1_81' title='bbox 611 1566 772 1650; x_wconf 83' lang='lat' dir='ltr'>Virgilium</span> <span class='ocrx_word' id='word_1_82' title='bbox 798 1566 873 1626; x_wconf 85' lang='lat' dir='ltr'>dicat</span> <span class='ocrx_word' id='word_1_83' title='bbox 902 1566 1014 1627; x_wconf 79' lang='lat' dir='ltr'>edidille</span> 
     </span>
     <span class='ocr_line' id='line_1_14' title="bbox 325 1646 1015 1722; baseline 0 -16"><span class='ocrx_word' id='word_1_84' title='bbox 325 1646 470 1706; x_wconf 83' lang='lat' dir='ltr'>Bucolica</span> <span class='ocrx_word' id='word_1_85' title='bbox 480 1667 556 1706; x_wconf 86' lang='lat' dir='ltr'>anno</span> <span class='ocrx_word' id='word_1_86' title='bbox 579 1646 665 1705; x_wconf 80' lang='lat' dir='ltr'>artatis</span> <span class='ocrx_word' id='word_1_87' title='bbox 681 1666 727 1722; x_wconf 83' lang='lat'>23.</span> <span class='ocrx_word' id='word_1_88' title='bbox 741 1662 790 1705; x_wconf 91' lang='lat' dir='ltr'>aut</span> <span class='ocrx_word' id='word_1_89' title='bbox 804 1665 851 1715; x_wconf 82' lang='lat'>24·</span> <span class='ocrx_word' id='word_1_90' title='bbox 865 1647 1015 1706; x_wconf 88' lang='lat' dir='ltr'>Probus&amp;</span> 
     </span>
     <span class='ocr_line' id='line_1_15' title="bbox 326 1724 1015 1797; baseline 0.006 -15"><span class='ocrx_word' id='word_1_91' title='bbox 326 1724 491 1797; x_wconf 82' lang='lat' dir='ltr'>Pedianus,</span> <span class='ocrx_word' id='word_1_92' title='bbox 504 1746 580 1786; x_wconf 83' lang='lat' dir='ltr'>anno</span> <span class='ocrx_word' id='word_1_93' title='bbox 599 1733 646 1784; x_wconf 87' lang='lat'>28.</span> <span class='ocrx_word' id='word_1_94' title='bbox 662 1724 798 1797; x_wconf 86' lang='lat' dir='ltr'>Servius,</span> <span class='ocrx_word' id='word_1_95' title='bbox 811 1747 886 1786; x_wconf 89' lang='lat' dir='ltr'>anno</span> <span class='ocrx_word' id='word_1_96' title='bbox 896 1747 909 1782; x_wconf 89' lang='lat'>2</span> <span class='ocrx_word' id='word_1_97' title='bbox 913 1748 942 1795; x_wconf 90' lang='lat'>9·</span> <span class='ocrx_word' id='word_1_98' title='bbox 956 1728 1015 1786; x_wconf 79' lang='lat' dir='ltr'>At·</span> 
     </span>
     <span class='ocr_line' id='line_1_16' title="bbox 328 1804 1016 1885; baseline 0.004 -21"><span class='ocrx_word' id='word_1_99' title='bbox 328 1804 379 1881; x_wconf 90' lang='lat' dir='ltr'>qui</span> <span class='ocrx_word' id='word_1_100' title='bbox 394 1804 536 1867; x_wconf 73' lang='lat' dir='ltr'>divisionis</span> <span class='ocrx_word' id='word_1_101' title='bbox 559 1805 679 1867; x_wconf 69' lang='lat' dir='ltr'>Adiacae</span> <span class='ocrx_word' id='word_1_102' title='bbox 702 1822 832 1885; x_wconf 89' lang='lat' dir='ltr'>tempore</span> <span class='ocrx_word' id='word_1_103' title='bbox 850 1827 937 1866; x_wconf 88' lang='lat' dir='ltr'>annos</span> <span class='ocrx_word' id='word_1_104' title='bbox 957 1827 1016 1867; x_wconf 91' lang='lat' dir='ltr'>nu-</span> 
     </span>
     <span class='ocr_line' id='line_1_17' title="bbox 327 1887 1018 1969; baseline 0.001 -24"><span class='ocrx_word' id='word_1_105' title='bbox 327 1888 454 1946; x_wconf 87' lang='lat' dir='ltr'>merabat</span> <span class='ocrx_word' id='word_1_106' title='bbox 464 1887 564 1968; x_wconf 89' lang='lat' dir='ltr'>plenos</span> <span class='ocrx_word' id='word_1_107' title='bbox 571 1904 655 1964; x_wconf 83' lang='lat' dir='ltr'>atque</span> <span class='ocrx_word' id='word_1_108' title='bbox 665 1887 791 1969; x_wconf 83' lang='lat' dir='ltr'>integros</span> <span class='ocrx_word' id='word_1_109' title='bbox 801 1908 907 1948; x_wconf 86' lang='lat' dir='ltr'>novem</span> <span class='ocrx_word' id='word_1_110' title='bbox 919 1908 953 1947; x_wconf 87' lang='lat' dir='ltr'>ac</span> <span class='ocrx_word' id='word_1_111' title='bbox 965 1887 1018 1946; x_wconf 87' lang='lat' dir='ltr'>tri·</span> 
     </span>
     <span class='ocr_line' id='line_1_18' title="bbox 326 1965 1017 2107; baseline 0.004 -82"><span class='ocrx_word' id='word_1_112' title='bbox 326 1965 429 2107; x_wconf 68' lang='lat' dir='ltr'>ginta:</span> <span class='ocrx_word' id='word_1_113' title='bbox 446 1967 522 2045; x_wconf 90' lang='lat' dir='ltr'>quod</span> <span class='ocrx_word' id='word_1_114' title='bbox 534 1967 675 2028; x_wconf 89' lang='lat' dir='ltr'>incuriam</span> <span class='ocrx_word' id='word_1_115' title='bbox 695 1967 872 2050; x_wconf 81' lang='lat' dir='ltr'>Scriptorum</span> <span class='ocrx_word' id='word_1_116' title='bbox 890 1968 1017 2052; x_wconf 66' lang='lat' dir='ltr'>ejusmo-⁴</span> 
     </span>
    </p>

    <p class='ocr_par' dir='ltr' id='par_1_3' title="bbox 348 2046 628 2108">
     <span class='ocr_line' id='line_1_19' title="bbox 348 2046 628 2108; baseline 0.007 -2"><span class='ocrx_word' id='word_1_117' title='bbox 348 2046 355 2057; x_wconf 83' lang='grc'><strong><em>’</em></strong></span> <span class='ocrx_word' id='word_1_118' title='bbox 366 2046 541 2108; x_wconf 84' lang='lat' dir='ltr'>manifestam</span> <span class='ocrx_word' id='word_1_119' title='bbox 552 2048 628 2108; x_wconf 85' lang='lat' dir='ltr'>facit.</span> 
     </span>
    </p>

    <p class='ocr_par' dir='ltr' id='par_1_4' title="bbox 327 2125 1019 2447">
     <span class='ocr_line' id='line_1_20' title="bbox 359 2125 1018 2212; baseline 0 -26"><span class='ocrx_word' id='word_1_120' title='bbox 359 2127 456 2212; x_wconf 84' lang='lat' dir='ltr'>Igitur</span> <span class='ocrx_word' id='word_1_121' title='bbox 467 2127 505 2193; x_wconf 82' lang='lat' dir='ltr'>fio</span> <span class='ocrx_word' id='word_1_122' title='bbox 514 2127 616 2193; x_wconf 79' lang='lat' dir='ltr'>statuo:</span> <span class='ocrx_word' id='word_1_123' title='bbox 629 2126 785 2210; x_wconf 86' lang='lat' dir='ltr'>Virgilium</span> <span class='ocrx_word' id='word_1_124' title='bbox 799 2126 895 2188; x_wconf 77' lang='lat' dir='ltr'>Afinio</span> <span class='ocrx_word' id='word_1_125' title='bbox 905 2125 1018 2186; x_wconf 65' lang='lat' dir='ltr'>Pollio·</span> 
     </span>
     <span class='ocr_line' id='line_1_21' title="bbox 327 2205 1018 2286; baseline -0.001 -19"><span class='ocrx_word' id='word_1_126' title='bbox 327 2205 359 2270; x_wconf 90' lang='lat' dir='ltr'>ni</span> <span class='ocrx_word' id='word_1_127' title='bbox 373 2249 383 2280; x_wconf 89' lang='lat'>,</span> <span class='ocrx_word' id='word_1_128' title='bbox 396 2226 457 2276; x_wconf 81' lang='lat' dir='ltr'>tum</span> <span class='ocrx_word' id='word_1_129' title='bbox 469 2207 499 2273; x_wconf 90' lang='lat' dir='ltr'>in</span> <span class='ocrx_word' id='word_1_130' title='bbox 512 2208 608 2267; x_wconf 81' lang='lat' dir='ltr'>Gallia</span> <span class='ocrx_word' id='word_1_131' title='bbox 623 2207 807 2286; x_wconf 87' lang='lat' dir='ltr'>Cisalpina&amp;</span> <span class='ocrx_word' id='word_1_132' title='bbox 818 2207 939 2268; x_wconf 86' lang='lat' dir='ltr'>Venetia</span> <span class='ocrx_word' id='word_1_133' title='bbox 949 2248 958 2277; x_wconf 91' lang='lat'>,</span> <span class='ocrx_word' id='word_1_134' title='bbox 968 2228 1018 2266; x_wconf 85' lang='lat' dir='ltr'>cu·</span> 
     </span>
     <span class='ocr_line' id='line_1_22' title="bbox 327 2287 1019 2372; baseline -0.007 -21"><span class='ocrx_word' id='word_1_135' title='bbox 327 2287 375 2372; x_wconf 86' lang='lat' dir='ltr'>jus</span> <span class='ocrx_word' id='word_1_136' title='bbox 409 2310 451 2350; x_wconf 90' lang='lat' dir='ltr'>ars</span> <span class='ocrx_word' id='word_1_137' title='bbox 463 2287 502 2348; x_wconf 86' lang='lat' dir='ltr'>est</span> <span class='ocrx_word' id='word_1_138' title='bbox 521 2306 590 2371; x_wconf 87' lang='lat' dir='ltr'>ager</span> <span class='ocrx_word' id='word_1_139' title='bbox 607 2292 797 2357; x_wconf 84' lang='lat' dir='ltr'>Mantuanus,</span> <span class='ocrx_word' id='word_1_140' title='bbox 816 2307 883 2346; x_wconf 89' lang='lat' dir='ltr'>cum</span> <span class='ocrx_word' id='word_1_141' title='bbox 896 2287 1019 2365; x_wconf 82' lang='lat' dir='ltr'>imperio</span> 
     </span>
     <span class='ocr_line' id='line_1_23' title="bbox 327 2365 1018 2447; baseline -0.003 -17"><span class='ocrx_word' id='word_1_142' title='bbox 327 2388 367 2430; x_wconf 83' lang='lat' dir='ltr'>ve</span> <span class='ocrx_word' id='word_1_143' title='bbox 392 2368 450 2428; x_wconf 83' lang='lat' dir='ltr'>an&#39;ti</span> <span class='ocrx_word' id='word_1_144' title='bbox 461 2409 471 2440; x_wconf 93' lang='lat'>‚</span> <span class='ocrx_word' id='word_1_145' title='bbox 483 2367 541 2428; x_wconf 80' lang='lat' dir='ltr'>five</span> <span class='ocrx_word' id='word_1_146' title='bbox 557 2386 608 2447; x_wconf 84' lang='lat' dir='ltr'>per</span> <span class='ocrx_word' id='word_1_147' title='bbox 620 2369 730 2427; x_wconf 82' lang='lat' dir='ltr'>Vatum</span> <span class='ocrx_word' id='word_1_148' title='bbox 743 2387 869 2443; x_wconf 90' lang='lat' dir='ltr'>quocum</span> <span class='ocrx_word' id='word_1_149' title='bbox 891 2365 1018 2446; x_wconf 80' lang='lat' dir='ltr'>philoso·</span> 
     </span>
    </p>
   </div>
   <div class='ocr_carea' id='block_1_3' title="bbox 327 2447 1119 2532">
    <p class='ocr_par' dir='ltr' id='par_1_5' title="bbox 327 2447 1119 2532">
     <span class='ocr_line' id='line_1_24' title="bbox 327 2447 1119 2532; baseline -0.009 -23"><span class='ocrx_word' id='word_1_150' title='bbox 327 2447 687 2532; x_wconf 63' lang='lat' dir='ltr'>phiaestudueransrveper</span> <span class='ocrx_word' id='word_1_151' title='bbox 696 2447 867 2521; x_wconf 75' lang='lat' dir='ltr'>Cornelium</span> <span class='ocrx_word' id='word_1_152' title='bbox 884 2448 1015 2522; x_wconf 85' lang='lat' dir='ltr'>Gallum,</span> <span class='ocrx_word' id='word_1_153' title='bbox 1115 2494 1119 2502; x_wconf 89' lang='lat'>.</span> 
     </span>
    </p>
   </div>
   <div class='ocr_carea' id='block_1_4' title="bbox 331 2525 1017 2851">
    <p class='ocr_par' dir='ltr' id='par_1_6' title="bbox 331 2525 1017 2851">
     <span class='ocr_line' id='line_1_25' title="bbox 331 2525 1017 2611; baseline 0.001 -19"><span class='ocrx_word' id='word_1_154' title='bbox 331 2528 391 2597; x_wconf 74' lang='lat' dir='ltr'>sire</span> <span class='ocrx_word' id='word_1_155' title='bbox 404 2551 455 2610; x_wconf 89' lang='lat' dir='ltr'>per</span> <span class='ocrx_word' id='word_1_156' title='bbox 468 2529 586 2611; x_wconf 61' lang='lat' dir='ltr'>seipsum</span> <span class='ocrx_word' id='word_1_157' title='bbox 595 2525 744 2597; x_wconf 77' lang='lat' dir='ltr'>innotuisse</span> <span class='ocrx_word' id='word_1_158' title='bbox 755 2551 764 2588; x_wconf 74' lang='lat' dir='ltr'>z</span> <span class='ocrx_word' id='word_1_159' title='bbox 778 2550 830 2608; x_wconf 85' lang='lat' dir='ltr'>pet</span> <span class='ocrx_word' id='word_1_160' title='bbox 851 2528 1017 2598; x_wconf 75' lang='lat' dir='ltr'>Pollionem</span> 
     </span>
     <span class='ocr_line' id='line_1_26' title="bbox 331 2607 1015 2688; baseline 0.006 -20"><span class='ocrx_word' id='word_1_161' title='bbox 331 2610 564 2683; x_wconf 72' lang='lat' dir='ltr'>pommendatutn</span> <span class='ocrx_word' id='word_1_162' title='bbox 583 2607 639 2671; x_wconf 85' lang='lat' dir='ltr'>else</span> <span class='ocrx_word' id='word_1_163' title='bbox 647 2610 795 2683; x_wconf 76' lang='lat' dir='ltr'>Maecenati</span> <span class='ocrx_word' id='word_1_164' title='bbox 808 2651 819 2682; x_wconf 82' lang='grc'><em>,</em></span> <span class='ocrx_word' id='word_1_165' title='bbox 831 2629 881 2688; x_wconf 86' lang='lat' dir='ltr'>per</span> <span class='ocrx_word' id='word_1_166' title='bbox 891 2609 969 2683; x_wconf 84' lang='lat' dir='ltr'>hunc</span> <span class='ocrx_word' id='word_1_167' title='bbox 979 2608 1015 2682; x_wconf 64' lang='lat' dir='ltr'>ad</span> 
     </span>
     <span class='ocr_line' id='line_1_27' title="bbox 332 2688 1016 2783; baseline 0.007 -33"><span class='ocrx_word' id='word_1_168' title='bbox 332 2689 485 2752; x_wconf 60' lang='lat' dir='ltr'>octaviani</span> <span class='ocrx_word' id='word_1_169' title='bbox 517 2690 636 2783; x_wconf 84' lang='lat' dir='ltr'>gratiam</span> <span class='ocrx_word' id='word_1_170' title='bbox 664 2688 806 2771; x_wconf 72' lang='lat' dir='ltr'>irrepsisse.</span> <span class='ocrx_word' id='word_1_171' title='bbox 838 2691 1016 2769; x_wconf 85' lang='lat' dir='ltr'>Quanquam</span> 
     </span>
     <span class='ocr_line' id='line_1_28' title="bbox 333 2769 1016 2851; baseline 0.001 -21"><span class='ocrx_word' id='word_1_172' title='bbox 333 2770 413 2830; x_wconf 88' lang='lat' dir='ltr'>enim</span> <span class='ocrx_word' id='word_1_173' title='bbox 423 2787 492 2831; x_wconf 83' lang='lat' dir='ltr'>tunt</span> <span class='ocrx_word' id='word_1_174' title='bbox 502 2771 674 2833; x_wconf 80' lang='lat' dir='ltr'>diversarum</span> <span class='ocrx_word' id='word_1_175' title='bbox 687 2786 765 2831; x_wconf 89' lang='lat' dir='ltr'>erant</span> <span class='ocrx_word' id='word_1_176' title='bbox 775 2769 897 2851; x_wconf 87' lang='lat' dir='ltr'>partium</span> <span class='ocrx_word' id='word_1_177' title='bbox 909 2775 1016 2844; x_wconf 82' lang='lat' dir='ltr'>Maece-</span> 
     </span>
    </p>
   </div>
   <div class='ocr_carea' id='block_1_5' title="bbox 332 2840 1044 2937">
    <p class='ocr_par' dir='ltr' id='par_1_7' title="bbox 332 2840 1044 2937">
     <span class='ocr_line' id='line_1_29' title="bbox 332 2840 1044 2937; baseline 0.015 -23"><span class='ocrx_word' id='word_1_178' title='bbox 332 2844 387 2934; x_wconf 74' lang='lat' dir='ltr'>pas</span> <span class='ocrx_word' id='word_1_179' title='bbox 399 2857 426 2913; x_wconf 76' lang='grc' dir='ltr'>δι</span> <span class='ocrx_word' id='word_1_180' title='bbox 440 2850 536 2918; x_wconf 86' lang='lat' dir='ltr'>Pollio</span> <span class='ocrx_word' id='word_1_181' title='bbox 547 2891 559 2937; x_wconf 73' lang='lat' dir='ltr'>t</span> <span class='ocrx_word' id='word_1_182' title='bbox 570 2850 722 2921; x_wconf 81' lang='lat' dir='ltr'>similitudo</span> <span class='ocrx_word' id='word_1_183' title='bbox 742 2867 840 2922; x_wconf 74' lang='lat' dir='ltr'>tanto</span> <span class='ocrx_word' id='word_1_184' title='bbox 855 2849 1017 2930; x_wconf 63' lang='lat' dir='ltr'>studiorum</span> <span class='ocrx_word' id='word_1_185' title='bbox 1041 2840 1044 2845; x_wconf 90' lang='lat'><em>.</em></span> 
     </span>
    </p>
   </div>
   <div class='ocr_carea' id='block_1_6' title="bbox 0 0 1355 3809">
    <p class='ocr_par' dir='ltr' id='par_1_8' title="bbox 0 0 1355 3809">
     <span class='ocr_line' id='line_1_30' title="bbox 0 0 1355 3809; baseline 0 0"><span class='ocrx_word' id='word_1_186' title='bbox 0 0 1355 3809; x_wconf 95' lang='lat' dir='ltr'> </span> 
     </span>
    </p>
   </div>
  </div>
 </body>
</html>
