2667 3809
362 506 434 592 xviij
493 510 676 567 PUBLH
707 510 953 566 VIRGILII

360 670 461 729 obrem
473 667 593 727 donatus
609 664 823 742 honoratusque
833 661 850 722 d
861 663 973 724 Caesare
991 659 1057 725 fuir.

365 748 457 824 Quod
469 768 550 825 aequo
563 747 659 806 animo
667 767 726 805 non
736 745 826 805 ferens
837 744 998 836 Virgilius,
1012 745 1060 806 iis·

365 829 431 888 dem
452 828 545 889 valvis
557 826 647 887 affixit
665 843 765 904 quater
783 825 841 884 hoc
859 824 1058 905 principium,

364 911 412 969 Sic
432 930 483 967 vos
503 931 556 968 non
568 911 660 968 vobis.
678 904 842 968 Postulabat
858 905 1005 988 Augustus
1025 922 1059 965 ut

364 989 501 1062 hiversus
518 991 742 1069 complerentur.
759 985 851 1060 Quod
868 983 935 1046 clun
955 983 1059 1046 frustrd

363 1069 453 1147 aliqui
464 1069 558 1130 conati
568 1067 656 1128 effent
667 1109 678 1139 ,
689 1066 828 1147 Virgilius
840 1064 989 1148 praepofito
1002 1063 1059 1124 dis·

364 1149 445 1211 ticho
459 1149 498 1210 src
513 1147 677 1232 subjunxit3
694 1197 696 1199 ,

415 1340 466 1387 Hos
480 1352 518 1402 ego
533 1331 652 1398 verssculos
661 1331 722 1401 feci,
739 1330 792 1381 tulit
801 1330 859 1381 alter
875 1330 973 1382 honores.

451 1416 490 1464 Sic
505 1432 548 1462 vor
565 1431 609 1463 non
626 1412 693 1463 ‘vobis
708 1411 833 1474 nidificatis
850 1429 915 1460 aves.

450 1497 490 1544 Sic
497 1513 540 1544 ‘vos
549 1512 592 1543 non
600 1493 666 1545 vodis
677 1492 766 1543 vellera
776 1491 844 1559 serris
854 1511 918 1542 oves.

410 1610 412 1616 =
451 1582 490 1630 Sir
501 1597 544 1628 vos
554 1595 598 1627 non
609 1576 676 1627 vobis
684 1575 823 1640 mellificatis
834 1588 896 1642 apes.
1002 1565 1007 1572 ⁴
1012 1615 1032 1651 s

447 1666 487 1715 sic
500 1679 544 1712 vos
560 1675 604 1709 mn
616 1657 683 1708 vodis
693 1657 762 1726 fertis
778 1670 856 1708 aratra
870 1656 946 1708 boves.

399 1819 472 1894 Quo
486 1813 605 1899 cognito
616 1812 781 1894 aliquandiu
792 1813 938 1893 Bathyllus
949 1816 1055 1877 Rornae

361 1896 458 1958 fabula
468 1895 543 1967 luit,
564 1900 647 1956 Maro
671 1893 742 1955 vero
754 1895 914 1955 exaltatior.
932 1893 1012 1957 Crlrn
1024 1897 1053 1957 is

359 1974 515 2055 aliquando
532 1975 655 2036 Ennium
664 1972 695 2033 in
712 1977 799 2036 manu
811 1974 948 2048 haberet,
965 1997 1053 2060 roga-

310 2077 312 2082 ·
359 2074 495 2134 rerutque
505 2055 639 2135 quidnam
650 2054 775 2116 faceret:
787 2055 948 2148 respondit,
961 2057 989 2117 se
1000 2078 1051 2117 au·

360 2158 425 2198 rum
439 2136 578 2219 colligere
589 2135 624 2196 de
633 2134 754 2196 stercore
763 2137 845 2196 Ennii
857 2159 865 2196 r
877 2136 962 2196 habet
970 2139 1052 2198 enirn

359 2217 451 2280 Poeta
461 2217 513 2278 ille
524 2217 652 2301 egregias
661 2215 809 2278 sententias
821 2217 871 2278 sub
883 2217 979 2278 verbis
989 2240 1051 2279 non

358 2298 482 2361 multirm
497 2298 612 2363 ornatis.
624 2297 817 2381 Interroganti
842 2296 972 2380 Augusto
988 2320 1048 2376 quo

358 2384 443 2460 pado
457 2379 580 2441 feliciter
598 2377 695 2440 civitas
710 2381 933 2462 gubernaretur:
947 2375 985 2448 fi,
999 2378 1046 2437 in-

358 2462 445 2537 quit,
458 2459 655 2540 prudentiores
667 2475 813 2520 temonem
831 2455 995 2529 tenuerint,
1019 2465 1047 2518 &

357 2539 428 2600 boni
443 2538 524 2599 malis
535 2555 752 2618 preponantur:
763 2536 1047 2632 itaqueoptinrisuos

358 2620 479 2680 habeant
495 2617 641 2690 honores,
661 2619 734 2680 nulli
745 2635 841 2680 tamen
859 2621 982 2680 ahorum
1003 2618 1047 2678 in-

356 2699 424 2782 justi
436 2697 590 2777 quicquam
604 2698 662 2758 fiat.
676 2699 721 2763 At
741 2703 902 2761 Maecenasr
920 2699 986 2778 quid
1000 2700 1047 2759 in-

357 2778 438 2857 quit,
449 2777 573 2861 Virgili,
584 2777 741 2838 satietatem
751 2779 862 2840 homini
872 2801 931 2840 non
942 2779 1021 2840 affert
1032 2779 1047 2840 ἓ

357 2859 498 2922 Omnium
508 2878 624 2931 rerum,
636 2856 799 2941 respondit,
820 2877 870 2923 aut
890 2859 1051 2924 limilitudo·
