2667 3809
316 378 379 449 πμ
422 367 590 427 Ρυιηιι
622 361 878 425 vrncrrrr

315 528 374 578 Pars
382 525 461 589 epuiis
468 536 572 573 onerant
579 518 676 571 mensas
684 551 693 581 ,
700 521 728 571 &
739 522 977 597 plenareponeu²

316 604 427 654 Pocula:
441 600 565 653 Panchaia
571 596 715 648 adolescunt
723 596 831 663 ignibus
840 614 902 650 arae.

315 684 349 735 Et
360 692 456 738 mater,
470 696 529 743 cape
535 676 774 730 Maeoniicarchefia
781 680 898 740 Bacchi,

316 762 422 811 Oceano
429 758 536 832 libentur
548 788 557 816 ‚
567 757 620 819 ait3
630 754 704 805 fimul
712 754 765 819 ipsa
771 767 896 822 precatur

317 840 497 898 Oceanumque
499 851 598 903 patrem
605 851 705 892 rerum,
713 835 906 901 Nymphasque
917 835 1012 905 sereret,

317 918 430 967 Centum
437 930 490 976 quae
501 914 597 978 sylvas,
607 928 711 964 centum
723 928 779 975 quat
788 912 906 967 flumina
912 914 1012 966 servante

319 999 375 1046 Ter
382 996 478 1056 liquido
488 996 619 1046 ardentem
624 993 734 1059 perfudit
742 997 848 1048 neiiare
855 1000 976 1061 Vestama‘

318 1074 373 1122 Ter
383 1069 487 1121 flamma
492 1072 523 1121 ad
531 1070 661 1121 summum·
665 1068 725 1122 tedii
732 1069 784 1133 subi
788 1073 846 1123 ecta
853 1074 962 1127 reluxu'·

318 1145 942 1222 oninc·qrofirmsanimum‚sicincipiripsi·

351 1325 393 1377 Bit
399 1325 427 1375 in
433 1318 569 1391 carpathio
575 1316 692 1389 Neptuni
700 1318 805 1391 gurgite
813 1339 889 1378 vater

321 1405 447 1458 ceruleus
454 1407 573 1464 Proteus,
584 1418 707 1468 magnum
712 1401 756 1464 qui
762 1401 875 1467 piscibus
883 1419 966 1469 equor
980 1433 989 1467 2

321 1484 448 1549 Etjuneio
454 1485 574 1551 bipedum
580 1500 649 1535 curru
656 1483 762 1533 metitur
772 1498 914 1546 equorum.

321 1563 373 1614 Hic
384 1580 450 1613 nunc
460 1564 581 1615 Emathiae
588 1576 689 1627 potrus,
700 1560 861 1623 patriamque
871 1560 959 1613 revifit

321 1643 443 1695 Pallenen
451 1659 457 1691 =
465 1647 530 1695 hunc
539 1644 565 1693 δι
572 1644 700 1707 Nymphae
708 1657 882 1702 veneramur,
893 1644 921 1694 δι
928 1640 977 1708 ipse

323 1721 480 1772 Grandaevus
485 1724 584 1773 Nereus
592 1738 600 1769 a
610 1720 684 1770 novit
692 1734 802 1782 namque
810 1720 906 1770 omnia
910 1735 991 1779 vater,

322 1799 387 1857 Quat
393 1796 609 1861 fint‚quaefuerint
618 1827 627 1856 ,
636 1800 1016 1859 quaemoxvennuatnhannu·

321 1881 423 1948 Qrippe
429 1882 465 1934 ita
471 1885 593 1947 Neptuno
603 1880 959 1954 visumest‚imntaniacuiua

322 1962 463 2020 Armenta,
472 1960 498 2009 δι
505 1973 587 2023 turpes
598 1956 673 2022 pescit
683 1955 724 2008 sub
732 1958 836 2024 gurgite
847 1962 953 2026 phocas.

322 2038 375 2091 Hic
382 2032 445 2099 tibi,
457 2054 530 2097 nate,
541 2032 609 2101 prins
615 2034 706 2087 vinclis
715 2037 853 2100 capiendus
862 2072 870 2098 ,
880 2055 911 2091 ut
918 2054 1017 2092 ornnem

322 2117 446 2183 Expediat
454 2117 536 2170 morbi
546 2115 658 2175 causam,
671 2115 824 2178 eventusque
832 2114 967 2170 secundet.

322 2203 394 2254 Nam
402 2202 452 2253 fine
461 2204 488 2253 vi
500 2220 550 2253 non
558 2203 611 2250 ulla
622 2198 691 2249 dabit
700 2214 841 2263 praecepta,
856 2216 941 2263 neque
948 2204 1019 2254 iilum

321 2284 427 2333 Orando
437 2284 522 2337 fleiles
531 2302 538 2332 ε
547 2285 602 2335 vim
609 2283 712 2340 duram,
724 2283 750 2331 &
758 2282 864 2333 vincula
873 2300 950 2349 capto

322 2361 422 2411 Tende:
432 2362 485 2411 doli
493 2360 589 2413 circum
595 2364 647 2413 haec
655 2361 759 2411 demum
767 2362 922 2427 frangentur
930 2366 1022 2417 inanes·

324 2442 378 2503 Ipia
385 2456 433 2505 ego
440 2457 465 2492 te
473 2474 481 2501 ,
489 2443 588 2492 medios
596 2438 655 2490 eum
663 2443 706 2491 Sol
713 2439 858 2492 accenderit
869 2445 956 2504 aestus,
1013 2488 1017 2495 .

330 2516 400 2574 cum
416 2516 610 2579 fitiuntherbae,
623 2516 740 2581 &pecori
757 2514 809 2576 iam
823 2520 927 2581 gratior
940 2520 1023 2574 umbra

390 2600 434 2649 est.

326 2674 523 2727 Insecrctasenit
538 2673 627 2725 ducam
639 2706 647 2733 ‚
657 2673 782 2736 quufeffus
795 2672 910 2724 abundis

325 2759 466 2826 Screcipit5
475 2755 676 2811 facil'eutsomuo
688 2753 835 2822 aggrediare
843 2755 990 2821 iacentem·
