2667 3809
423 528 634 586 araneum
661 528 879 588 armonia
923 521 993 608 xlvij

317 699 384 758 tur,
398 682 560 760 ibidemque
581 681 696 760 hyemat
714 703 770 742 non
782 682 870 762 long‘e
884 681 920 742 ab
936 682 998 740 Eu-

317 766 418 844 phrate
431 787 439 823 ε
453 782 516 823 tum
525 762 681 822 Tiridatem
690 769 716 820 &
727 763 876 822 Phraarem
886 760 919 820 de
932 782 997 842 reg-

317 866 358 903 no
371 844 492 904 Parthiae
504 842 704 903 contendentes
714 841 836 902 vidotiae
847 842 898 900 sua
909 860 997 901 terro·

320 943 353 984 re
365 923 546 1002 composuit:
559 939 622 981 tum
632 921 753 999 denique
772 919 893 982 Divinos
905 920 1000 980 hono-

308 1012 368 1063 'res
384 1003 524 1064 affettatit
540 1003 654 1083 palam,
675 1000 854 1083 pemrilitque
865 999 914 1059 fibi
932 1019 1004 1058 tem·

322 1082 372 1164 pla
383 1085 473 1145 extrui
486 1085 683 1155 Nicomedia,
701 1082 831 1166 Pergami
842 1116 852 1153 5
865 1087 919 1141 &o
930 1081 1004 1157 Qut

322 1164 418 1225 omnia
430 1165 574 1249 contigtire
584 1186 635 1247 per
643 1166 779 1245 hyemem
792 1164 856 1224 anni
866 1162 1003 1249 hujus‚ex

321 1245 419 1307 Dione
428 1245 478 1306 lib.
494 1268 541 1317 51·

357 1328 473 1387 Interim
483 1325 622 1409 Virgilius
629 1327 754 1406 Neapoli
764 1323 893 1388 ultimam
902 1325 1001 1386 Geor-

316 1404 387 1489 gicis
397 1429 512 1468 manum
523 1415 550 1468 &
560 1408 715 1468 clausulam
722 1409 870 1468 adhibebat
879 1406 921 1466 his
931 1427 1000 1466 ver·

317 1488 379 1548 bis:
391 1489 546 1570 Haecsuper
559 1510 691 1548 arvorum
703 1489 778 1548 cultu
786 1487 943 1569 pecorisque
951 1510 1000 1545 ca-

318 1570 441 1640 nebam,
465 1568 501 1633 (7
519 1569 604 1649 super
633 1570 777 1627 arboribus
799 1594 808 1626 .·
827 1566 913 1642 Caefiar
934 1569 1001 1626 dum

318 1670 435 1728 magnus
446 1651 483 1707 ad
498 1649 586 1720 altum
592 1647 730 1726 fulminat
743 1651 908 1787 Eufhmem
919 1645 1001 1718 bello,

320 1729 471 1808 viliorque
488 1727 612 1789 uolentes
630 1745 683 1810 per
702 1745 738 1811 po
789 1750 817 1786 os
842 1729 889 1786 dar
908 1734 1000 1799 jura,
1063 1735 1067 1745 '

320 1811 455 1889 viamque
465 1809 577 1891 affeliat
587 1809 711 1891 Olympo.
724 1818 740 1870 Ι
750 1809 775 1868 lo
785 1807 940 1889 Virgilium
959 1830 1003 1870 me

319 1907 438 1972 tempore
446 1892 537 1952 dulcis
548 1890 641 1952 alebat
650 1894 835 1973 Parthenope,
847 1889 908 1954 (rc.
918 1890 1003 1950 Idem

319 1987 389 2032 tunc
403 1970 541 2051 prioribus
555 1972 632 2032 libris
651 1973 786 2050 quosdam
799 1969 920 2032 attexuit
936 1992 1003 2033 ver-

318 2051 363 2112 sus
374 2096 384 2123 ,
396 2052 480 2134 hujus
491 2053 573 2132 ipsrus
584 2052 685 2113 anni&
698 2052 871 2135 AEgyptiaeae
878 2050 1002 2113 vietoriae
1020 2066 1023 2071 '

318 2131 425 2192 indices
437 2154 445 2189 :
459 2151 491 2192 ut
501 2135 611 2214 Georg.
622 2155 651 2192 2.
664 2152 699 2195 17
708 2154 734 2195 1·
746 2141 800 2203 Te,
811 2134 930 2191 maxime
944 2141 1003 2192 Cae-

313 2213 386 2290 fier,
408 2214 459 2292 qui
472 2233 543 2271 nosne
557 2214 685 2272 extremis
701 2212 770 2292 Afie
784 2219 846 2282 jam
867 2213 1003 2271 vislerio

320 2294 378 2352 oris
388 2336 399 2362 ,
412 2293 552 2353 imbellem
562 2293 672 2352 avertis
684 2295 813 2352 Romanis
823 2292 936 2352 arcibus
955 2301 1003 2352 In-

294 2430 301 2438 „
319 2377 394 2434 dum.
408 2376 483 2434 Item
494 2376 604 2456 Georg.
618 2394 646 2450 3.
660 2380 707 2432 28.
723 2380 814 2453 Atque
833 2373 879 2432 hic
896 2375 1003 2433 undan-

318 2475 373 2516 tem
384 2455 477 2528 bello,
492 2474 678 2536 magrnsmque
688 2453 820 2532 fluentem
830 2453 948 2526 Nilum,
965 2453 1002 2520 ὁ·

319 2537 421 2596 nauali
428 2537 572 2619 surgentes
582 2558 635 2595 are
648 2535 807 2595 columnas:
827 2537 928 2595 addam
950 2560 1001 2598 ur-

321 2619 367 2675 bes
377 2617 441 2682 Aue
453 2621 570 2678 domitas
584 2615 747 2701 pulsumque
757 2619 904 2700 Niphatem
913 2663 925 2689 ‚
936 2618 997 2684 &a

322 2698 394 2771 Qua
401 2697 500 2760 eadem
508 2701 611 2778 hyeme
619 2699 712 2758 statim
723 2699 849 2759 animum
859 2699 894 2758 ad
900 2701 1000 2761 AEnei-

323 2777 360 2834 da
371 2779 527 2850 convertit,
547 2800 666 2859 eamque
686 2799 739 2871 per
757 2801 844 2841 annos
864 2781 1000 2843 undecim

317 2873 462 2999 fingentur
474 2858 513 2922 est
522 2903 531 2932 ,
540 2877 573 2924 ut
580 2860 843 2924 commumternitae
853 2859 999 2944 scriptores

341 2957 356 2997 a
393 2953 435 2998 nt.
