2667 3809
267 496 269 499 ’
327 527 370 615 xrj
427 520 886 591 rzrr'nrrrrrnurrrr

327 688 410 750 aster.¹
422 685 498 748 lte'm
509 684 588 757 huic,
600 694 666 748 AEre
680 686 753 748 ciere
763 687 859 756 viror,
869 681 952 745 fimili
964 704 1011 744 ca-

327 772 391 832 lore
410 769 543 851 jastatum
554 763 725 850 subjunxisse
739 807 749 835 ,
763 775 937 847 Martemque
959 787 1015 824 ac·-

328 852 441 910 cendere
453 867 555 929 camur
569 846 718 924 statimque
733 845 782 905 srbi
797 844 945 928 imperaffe
956 888 965 918 ‚
978 860 1014 906 ut

327 946 481 1007 utrumque
495 928 636 990 volumini
646 924 826 989 adscriberet.

362 1010 509 1070 ¹Bucolica
521 1009 720 1090 Georgieaque
733 1005 904 1069 emendavit.
925 1009 1017 1066 Anno·

329 1089 400 1152 veri)
412 1087 643 1182 quinquagefitno
660 1087 805 1156 secundo,
824 1104 857 1147 ut
879 1086 1018 1148 ultimam

329 1187 447 1230 manum
464 1167 576 1228 AEnerdi
592 1168 773 1248 imponerer,
785 1164 880 1227 statuit
891 1167 921 1227 in
931 1168 1015 1226 Grae«

329 1249 405 1310 ‹iam
416 1255 443 1309 dt
457 1247 548 1308 Aliam
558 1247 688 1310 secedere
699 1290 708 1318 ‚
721 1246 901 1325 triennioque
920 1247 1019 1308 conti-¹
1046 1278 1050 1284 ·

329 1350 390 1389 nuo
410 1339 527 1388 ornnem·
547 1347 662 1408 operam
683 1326 824 1387 limationi
837 1328 925 1400 dare,
938 1343 972 1387 ut
983 1326 1017 1388 in

330 1410 441 1487 reliqua
460 1409 520 1471 vira
548 1408 657 1468 tanrd'm
678 1406 866 1486 Philosophiae
886 1423 1014 1470 vacaret.

330 1479 387 1550 de
398 1487 464 1553 edm
483 1510 520 1570 ag
541 1486 624 1549 tessus
636 1489 706 1559 iter,
721 1486 836 1548 Athenis
851 1487 1018 1549 occurrisset

330 1569 462 1653 Augusto
468 1571 503 1629 ab
511 1509 630 1631 tinente
637 1573 763 1630 Romam
772 1568 944 1639 revertenti,
955 1566 1019 1630 und·

331 1671 398 1721 curn
409 1651 519 1711 Caesare
533 1650 621 1712 redire
634 1649 737 1710 statuit.
751 1646 865 1708 Atcdm
879 1653 1017 1730 Megara,

332 1730 460 1793 vicinum
473 1730 594 1794 Athenis
615 1729 754 1811 oppidum
768 1768 779 1800 ,
792 1727 897 1788 visendi
920 1726 1019 1812 gratid

333 1828 443 1906 peteret
455 1853 465 1883 ‚
477 1811 645 1894 languorem
657 1813 752 1870 nadus
769 1805 827 1872 est:
850 1828 936 1886 quem
955 1822 1020 1870 nort

333 1890 483 1952 intermissa
494 1889 638 1972 navigatio
650 1889 747 1959 auxit,
760 1887 799 1946 ita
818 1903 850 1947 ut
860 1889 976 1970 gravior
985 1889 1019 1948 in

333 1972 414 2043 dies,
431 1969 545 2030 tandem
565 1968 750 2029 Brundusium
773 1967 947 2029 adventarit:
965 1968 1019 2029 ubi

312 2090 314 2095 -
334 2051 432 2110 diebus
446 2048 543 2129 paucis
559 2049 629 2108 obiit
635 2057 647 2120 ’,
662 2048 775 2109 decimo
787 2047 909 2108 Calend.
923 2049 1017 2109 Οᾶο-

334 2131 468 2202 bris‚Cn.
482 2127 645 2208 Plautio&
656 2127 941 2204 QtLucretiQCoff.
953 2129 1020 2205 Qui

334 2211 402 2273 edm
415 2209 525 2294 gravari
539 2210 640 2269 morbo
650 2209 705 2269 sese
717 2207 846 2281 sentiret,
862 2209 960 2268 serinia
969 2211 1020 2270 sae-

333 2290 371 2374 pe
391 2298 417 2352 dt
437 2287 539 2374 magni
554 2287 682 2350 instantii
704 2289 824 2369 petivit,
845 2289 1028 2350 crematurua

334 2373 453 2434 AEneida
464 2395 473 2432 r
485 2371 585 2450 quibus
601 2370 709 2464 negatis
722 2410 733 2441 ,
746 2367 914 2430 testamento
931 2391 1015 2431 corn-

334 2453 398 2513 buri
412 2449 505 2534 jussit,
518 2466 550 2511 ut
565 2470 625 2510 tem
637 2448 846 2510 inemendatam
863 2449 1021 2529 imperfec-

315 2548 459 2609 -umque
474 2528 585 2589 Verdm
602 2533 701 2602 Tucca
723 2535 750 2589 dt
771 2527 874 2590 Varius
892 2549 1021 2592 monne«

315 2648 318 2655 ·
333 2626 418 2680 runt,
431 2609 460 2667 id
476 2607 635 2691 Augustum
645 2631 704 2671 non
713 2606 920 2690 permissurum.
932 2613 1022 2674 Tune

333 2685 431 2750 eidem
439 2686 530 2747 Vario
539 2707 574 2747 ac
586 2686 671 2750 stmul
683 2692 792 2753 Tucca
799 2688 900 2768 scripta
919 2689 969 2750 sub
980 2689 1022 2752 ed*

332 2766 497 2832 eonditione
508 2766 616 2850 legavit
626 2790 636 2828 r
646 2787 687 2831 ne·
702 2768 771 2848 quid
789 2767 922 2830 adderent
937 2769 1024 2850 quod>

335 2845 393 2915 ise
410 2847 519 2915 editum
534 2868 594 2913 nou
607 2847 676 2916 effer
685 2867 697 2935 ᾗ
708 2855 735 2914 δι
746 2848 843 2916 uersus
856 2849 942 2914 etiam
960 2849 1019 2928 im
