2667 3809
373 525 465 611 xxxvj
509 522 695 579 nuuttr
721 521 979 594 vincturi

373 696 506 741 veterum
531 672 719 758 poffeffomm
737 671 859 753 querelis
886 672 1065 756 inspeciem

372 759 533 829 commoti,
552 757 664 817 bellum
674 756 704 815 in
714 752 913 817 Octavianum
927 756 1067 818 suscitant.

373 840 488 904 Asinius
502 838 621 909 Pollio,
639 845 679 897 M.
695 833 812 895 Antonii
827 832 984 916 singularis
1000 838 1068 917 ami·

372 940 445 991 cus,
467 919 594 980 Galliam
626 916 802 996 Cisalpinam
837 913 961 976 interim
986 916 1070 1058 cogiit

372 1006 511 1072 tenet‚&
527 998 647 1078 Alpium
673 995 816 1057 traniitum
840 994 1006 1059 Ostaviaui
1041 999 1073 1058 e·'

374 1081 507 1159 gionibus
519 1076 703 1148 intercludit,
714 1092 747 1137 ut
758 1072 867 1136 constat
891 1094 936 1137 ex
951 1084 975 1136 A
999 1075 1072 1160 pinni

374 1162 426 1223 lib.
442 1181 469 1233 5.
482 1157 566 1218 Idem
587 1157 678 1217 Lucio
695 1154 809 1218 Peruliae
830 1154 947 1216 obseffo
971 1100 1072 1241 ἔφρι-
1110 1187 1112 1192 2

362 1242 426 1300 rias
437 1240 509 1299 ferre
521 1236 619 1298 frustra
637 1253 776 1307 conatus,
792 1235 843 1295 sub
864 1237 938 1297 anni
952 1239 1073 1319 sequen·

375 1320 411 1381 tis
426 1318 540 1378 initium
552 1316 646 1378 dedita
656 1314 790 1386 Paula,
806 1336 876 1376 cum
890 1315 1010 1398 septem
1029 1322 1073 1381 le-

375 1396 1075 1544 {lllllisstlffrllllllsslrlffl‘l

377 1502 650 1623 testiturlielleius.
1012 1524 1024 1554 ⁹

419 1649 513 1721 Atque
529 1641 590 1703 hec
600 1639 653 1699 illa
671 1637 711 1699 est
724 1636 843 1720 Agraria
856 1637 1005 1722 largitio,
1023 1636 1076 1719 qui

377 1723 517 1805 Virgilius
539 1721 654 1784 Andino
665 1718 835 1799 patrimonio
848 1720 903 1779 suo
920 1725 1076 1783 mulctatus

379 1801 432 1865 est.
445 1807 547 1879 Neque
559 1801 634 1861 enim
645 1800 705 1871 est,
718 1819 769 1859 cur
782 1798 931 1859 Corradus
959 1800 1079 1864 calami-

379 1900 468 1941 tatem
480 1883 561 1941 illam
571 1878 700 1940 accidisse
720 1876 815 1939 Poe‘tae
837 1878 1002 1959 suspicetur
1024 1882 1085 1944 de·-

380 1960 527 2021 cemvirali
537 1958 588 2019 illi
601 1958 738 2020 divilione
748 2001 758 2029 ‚
768 1979 829 2037 quae
839 1960 1009 2025 Mutinense
1016 1962 1079 2023 bel-

381 2042 443 2101 lum
456 2039 551 2100 secuta
562 2038 600 2099 est
611 2080 621 2110 ‚
633 2045 659 2098 &
671 2039 718 2099 cui
728 2038 860 2099 intererat
872 2040 989 2104 Cicero
1000 2060 1079 2110 ttutn

382 2122 459 2181 enim
469 2121 541 2182 levis
556 2136 633 2191 erat,
646 2140 681 2180 ae
702 2117 760 2179 feri:
773 2120 854 2180 nulla
867 2123 975 2183 Romae
987 2124 1079 2185 otta-

381 2202 460 2266 viani
470 2202 641 2273 auctoritas,
653 2218 686 2262 ut
698 2199 846 2281 optimates
858 2199 959 2283 &ipse
971 2204 1080 2267 Cicero

384 2284 420 2347 de
432 2305 469 2346 eo
490 2280 648 2345 occidendo
671 2282 840 2363 cogitarent.
859 2283 967 2357 Quare
981 2285 1080 2369 Virgi-

383 2366 439 2427 lius
451 2365 543 2426 dicere
557 2382 619 2425 tum
630 2362 665 2422 de
677 2362 730 2422 illo
742 2383 800 2421 non
812 2363 911 2441 potuit
919 2364 950 2422 id
972 2367 1038 2427 Ecl.
1052 2386 1079 2426 ι.

383 2454 463 2505 Deus
485 2445 563 2502 nubis
585 2446 640 2502 huc
665 2444 722 2501 otia
733 2442 828 2521 fecit:
852 2462 949 2521 neque
973 2444 1080 2507 istud:

386 2524 443 2585 Hic
456 2521 539 2581 illum
550 2522 616 2580 viai
624 2528 778 2593 juvenem,
791 2522 919 2585 Meliboee
932 2567 943 2594 ,
958 2546 1081 2606 quotan-

384 2605 432 2662 m's
444 2604 488 2661 bis
498 2600 578 2677 senos
597 2603 643 2661 cui
655 2601 743 2677 nostra
756 2604 815 2661 dies
833 2602 941 2664 altaria
948 2610 1082 2683 simiam.

386 2681 485 2744 Potuit
499 2679 571 2741 verb
589 2678 645 2742 hie
655 2682 827 2761 Philippenfi
839 2683 1003 2760 divisione,
1017 2688 1082 2750 clun

386 2762 415 2823 se
428 2762 485 2842 jam
498 2760 671 2822 Ostavianus
684 2765 761 2822 Divi
781 2761 853 2828 Julii
865 2764 961 2825 filium
981 2771 1084 2851 appel-

385 2842 476 2922 latet,
490 2837 654 2927 summique
669 2844 793 2928 polleret
812 2844 1010 2913 triumviratits
1031 2871 1085 2924 nu-¹
