<?xml version="1.0" encoding="UTF-8"?>
<!DOCTYPE html PUBLIC "-//W3C//DTD XHTML 1.0 Transitional//EN"
    "http://www.w3.org/TR/xhtml1/DTD/xhtml1-transitional.dtd">
<html xmlns="http://www.w3.org/1999/xhtml" xml:lang="en" lang="en">
 <head>
  <title>
</title>
<meta http-equiv="Content-Type" content="text/html;charset=utf-8" />
  <meta name='ocr-system' content='tesseract 3.04.00' />
  <meta name='ocr-capabilities' content='ocr_page ocr_carea ocr_par ocr_line ocrx_word'/>
</head>
<body>
  <div class='ocr_page' id='page_1' title='image "./operacurisstudi00virggoog_0075.png"; bbox 0 0 2667 3809; ppageno 0'>
   <div class='ocr_carea' id='block_1_1' title="bbox 432 381 1016 448">
    <p class='ocr_par' dir='ltr' id='par_1_1' title="bbox 432 381 1016 448">
     <span class='ocr_line' id='line_1_1' title="bbox 432 381 1016 448; baseline -0.007 0"><span class='ocrx_word' id='word_1_1' title='bbox 432 381 652 448; x_wconf 72' lang='lat' dir='ltr'>nannum</span> <span class='ocrx_word' id='word_1_2' title='bbox 683 384 919 446; x_wconf 73' lang='lat' dir='ltr'>nrsronrn.</span> <span class='ocrx_word' id='word_1_3' title='bbox 982 381 1016 444; x_wconf 78' lang='lat' dir='ltr'>lv</span> 
     </span>
    </p>
   </div>
   <div class='ocr_carea' id='block_1_2' title="bbox 317 539 1020 2658">
    <p class='ocr_par' dir='ltr' id='par_1_2' title="bbox 317 539 1020 2658">
     <span class='ocr_line' id='line_1_2' title="bbox 320 539 1017 626; baseline -0.004 -20"><span class='ocrx_word' id='word_1_4' title='bbox 320 543 434 626; x_wconf 81' lang='lat' dir='ltr'>appulit</span> <span class='ocrx_word' id='word_1_5' title='bbox 446 585 457 617; x_wconf 82' lang='lat'>,</span> <span class='ocrx_word' id='word_1_6' title='bbox 469 544 636 619; x_wconf 83' lang='lat' dir='ltr'>ibidemque</span> <span class='ocrx_word' id='word_1_7' title='bbox 660 539 796 613; x_wconf 84' lang='lat' dir='ltr'>deceffir,</span> <span class='ocrx_word' id='word_1_8' title='bbox 817 565 864 603; x_wconf 84' lang='lat'>22.</span> <span class='ocrx_word' id='word_1_9' title='bbox 886 545 1017 622; x_wconf 81' lang='lat' dir='ltr'>Septem·</span> 
     </span>
     <span class='ocr_line' id='line_1_3' title="bbox 319 623 1015 698; baseline -0.006 -12"><span class='ocrx_word' id='word_1_10' title='bbox 319 627 399 698; x_wconf 89' lang='lat' dir='ltr'>bris,</span> <span class='ocrx_word' id='word_1_11' title='bbox 419 647 509 685; x_wconf 88' lang='lat' dir='ltr'>annos</span> <span class='ocrx_word' id='word_1_12' title='bbox 531 640 612 683; x_wconf 88' lang='lat' dir='ltr'>natus</span> <span class='ocrx_word' id='word_1_13' title='bbox 638 639 687 694; x_wconf 83' lang='lat'>52.</span> <span class='ocrx_word' id='word_1_14' title='bbox 708 623 816 682; x_wconf 88' lang='lat' dir='ltr'>menses</span> <span class='ocrx_word' id='word_1_15' title='bbox 842 646 886 684; x_wconf 88' lang='grc' dir='ltr'>ιι.</span> <span class='ocrx_word' id='word_1_16' title='bbox 905 625 961 684; x_wconf 85' lang='lat' dir='ltr'>dies</span> <span class='ocrx_word' id='word_1_17' title='bbox 985 644 1015 692; x_wconf 88' lang='lat'>7.</span> 
     </span>
     <span class='ocr_line' id='line_1_4' title="bbox 320 699 1016 773; baseline -0.004 -6"><span class='ocrx_word' id='word_1_18' title='bbox 320 706 442 767; x_wconf 85' lang='lat' dir='ltr'>Dicitur</span> <span class='ocrx_word' id='word_1_19' title='bbox 459 705 585 765; x_wconf 88' lang='lat' dir='ltr'>moriens</span> <span class='ocrx_word' id='word_1_20' title='bbox 598 702 742 773; x_wconf 83' lang='lat' dir='ltr'>AEneida,</span> <span class='ocrx_word' id='word_1_21' title='bbox 762 699 828 762; x_wconf 72' lang='lat' dir='ltr'>crim</span> <span class='ocrx_word' id='word_1_22' title='bbox 839 704 966 764; x_wconf 86' lang='lat' dir='ltr'>nondum</span> <span class='ocrx_word' id='word_1_23' title='bbox 977 703 1016 764; x_wconf 87' lang='lat' dir='ltr'>ad</span> 
     </span>
     <span class='ocr_line' id='line_1_5' title="bbox 323 782 1018 862; baseline -0.003 -16"><span class='ocrx_word' id='word_1_24' title='bbox 323 805 389 846; x_wconf 88' lang='lat' dir='ltr'>eam</span> <span class='ocrx_word' id='word_1_25' title='bbox 404 804 490 862; x_wconf 86' lang='lat' dir='ltr'>quam</span> <span class='ocrx_word' id='word_1_26' title='bbox 508 783 666 844; x_wconf 86' lang='lat' dir='ltr'>instituerat</span> <span class='ocrx_word' id='word_1_27' title='bbox 688 782 787 843; x_wconf 83' lang='lat' dir='ltr'>animo</span> <span class='ocrx_word' id='word_1_28' title='bbox 809 782 932 842; x_wconf 85' lang='lat' dir='ltr'>formam</span> <span class='ocrx_word' id='word_1_29' title='bbox 954 805 1018 862; x_wconf 89' lang='lat' dir='ltr'>per-</span> 
     </span>
     <span class='ocr_line' id='line_1_6' title="bbox 324 862 1020 948; baseline -0.003 -23"><span class='ocrx_word' id='word_1_30' title='bbox 324 865 466 939; x_wconf 81' lang='lat' dir='ltr'>duxiffet‚</span> <span class='ocrx_word' id='word_1_31' title='bbox 486 863 592 948; x_wconf 80' lang='lat' dir='ltr'>petiiffe</span> <span class='ocrx_word' id='word_1_32' title='bbox 613 862 839 926; x_wconf 85' lang='lat' dir='ltr'>comburendam</span> <span class='ocrx_word' id='word_1_33' title='bbox 851 883 860 933; x_wconf 81' lang='lat'>3</span> <span class='ocrx_word' id='word_1_34' title='bbox 873 882 1020 945; x_wconf 87' lang='lat' dir='ltr'>negatam·</span> 
     </span>
     <span class='ocr_line' id='line_1_7' title="bbox 323 943 1019 1028; baseline -0.001 -21"><span class='ocrx_word' id='word_1_35' title='bbox 323 966 381 1024; x_wconf 88' lang='lat' dir='ltr'>que</span> <span class='ocrx_word' id='word_1_36' title='bbox 391 947 440 1007; x_wconf 82' lang='lat' dir='ltr'>fibi</span> <span class='ocrx_word' id='word_1_37' title='bbox 452 949 487 1008; x_wconf 88' lang='lat' dir='ltr'>ab</span> <span class='ocrx_word' id='word_1_38' title='bbox 503 947 622 1018; x_wconf 85' lang='lat' dir='ltr'>amicis,</span> <span class='ocrx_word' id='word_1_39' title='bbox 636 967 689 1028; x_wconf 82' lang='lat' dir='ltr'>per</span> <span class='ocrx_word' id='word_1_40' title='bbox 700 944 901 1006; x_wconf 84' lang='lat' dir='ltr'>testamentum</span> <span class='ocrx_word' id='word_1_41' title='bbox 913 943 1019 1026; x_wconf 85' lang='lat' dir='ltr'>legaffe</span> 
     </span>
     <span class='ocr_line' id='line_1_8' title="bbox 322 1028 1018 1108; baseline -0.006 -18"><span class='ocrx_word' id='word_1_42' title='bbox 322 1029 421 1090; x_wconf 89' lang='lat' dir='ltr'>Plotio</span> <span class='ocrx_word' id='word_1_43' title='bbox 432 1033 535 1092; x_wconf 82' lang='lat' dir='ltr'>Tuccae</span> <span class='ocrx_word' id='word_1_44' title='bbox 547 1072 556 1101; x_wconf 91' lang='lat'>,</span> <span class='ocrx_word' id='word_1_45' title='bbox 567 1036 595 1090; x_wconf 87' lang='lat'>&amp;</span> <span class='ocrx_word' id='word_1_46' title='bbox 606 1029 716 1102; x_wconf 85' lang='lat' dir='ltr'>Vario,</span> <span class='ocrx_word' id='word_1_47' title='bbox 733 1028 781 1108; x_wconf 92' lang='lat' dir='ltr'>qui</span> <span class='ocrx_word' id='word_1_48' title='bbox 797 1049 860 1088; x_wconf 90' lang='lat' dir='ltr'>eam</span> <span class='ocrx_word' id='word_1_49' title='bbox 875 1046 925 1088; x_wconf 92' lang='lat' dir='ltr'>aur</span> <span class='ocrx_word' id='word_1_50' title='bbox 938 1048 1018 1087; x_wconf 85' lang='lat' dir='ltr'>com·</span> 
     </span>
     <span class='ocr_line' id='line_1_9' title="bbox 322 1110 1015 1190; baseline 0.004 -21"><span class='ocrx_word' id='word_1_51' title='bbox 322 1110 477 1185; x_wconf 85' lang='lat' dir='ltr'>buterent‚</span> <span class='ocrx_word' id='word_1_52' title='bbox 495 1128 544 1172; x_wconf 86' lang='lat' dir='ltr'>aut</span> <span class='ocrx_word' id='word_1_53' title='bbox 555 1112 747 1172; x_wconf 86' lang='lat' dir='ltr'>emendarent.</span> <span class='ocrx_word' id='word_1_54' title='bbox 773 1111 909 1172; x_wconf 84' lang='lat' dir='ltr'>Fabulam</span> <span class='ocrx_word' id='word_1_55' title='bbox 929 1126 1015 1190; x_wconf 86' lang='lat' dir='ltr'>putat</span> 
     </span>
     <span class='ocr_line' id='line_1_10' title="bbox 320 1187 1014 1273; baseline -0.001 -21"><span class='ocrx_word' id='word_1_56' title='bbox 320 1192 465 1255; x_wconf 85' lang='lat' dir='ltr'>Corradus</span> <span class='ocrx_word' id='word_1_57' title='bbox 480 1216 489 1253; x_wconf 73' lang='lat' dir='ltr'><em>z</em></span> <span class='ocrx_word' id='word_1_58' title='bbox 507 1193 553 1253; x_wconf 83' lang='lat' dir='ltr'>sed</span> <span class='ocrx_word' id='word_1_59' title='bbox 565 1187 630 1254; x_wconf 76' lang='lat' dir='ltr'>etim</span> <span class='ocrx_word' id='word_1_60' title='bbox 642 1192 671 1252; x_wconf 90' lang='lat' dir='ltr'>id</span> <span class='ocrx_word' id='word_1_61' title='bbox 682 1190 780 1273; x_wconf 63' lang='lat' dir='ltr'>aperti</span> <span class='ocrx_word' id='word_1_62' title='bbox 799 1192 932 1267; x_wconf 85' lang='lat' dir='ltr'>Gellius,</span> <span class='ocrx_word' id='word_1_63' title='bbox 947 1197 1014 1253; x_wconf 88' lang='lat' dir='ltr'>Ma·</span> 
     </span>
     <span class='ocr_line' id='line_1_11' title="bbox 319 1273 1014 1356; baseline 0 -22"><span class='ocrx_word' id='word_1_64' title='bbox 319 1275 455 1347; x_wconf 82' lang='lat' dir='ltr'>crebius,</span> <span class='ocrx_word' id='word_1_65' title='bbox 468 1273 662 1356; x_wconf 86' lang='lat' dir='ltr'>imprimisque</span> <span class='ocrx_word' id='word_1_66' title='bbox 675 1273 783 1334; x_wconf 86' lang='lat' dir='ltr'>Plinius</span> <span class='ocrx_word' id='word_1_67' title='bbox 795 1316 805 1345; x_wconf 89' lang='lat'>‚</span> <span class='ocrx_word' id='word_1_68' title='bbox 817 1273 940 1334; x_wconf 73' lang='lat' dir='ltr'>historia</span> <span class='ocrx_word' id='word_1_69' title='bbox 958 1275 1014 1334; x_wconf 77' lang='lat' dir='ltr'>suae</span> 
     </span>
     <span class='ocr_line' id='line_1_12' title="bbox 318 1353 1012 1427; baseline -0.001 -12"><span class='ocrx_word' id='word_1_70' title='bbox 318 1353 369 1416; x_wconf 84' lang='lat' dir='ltr'>lib.</span> <span class='ocrx_word' id='word_1_71' title='bbox 386 1377 414 1424; x_wconf 85' lang='lat'>7.</span> <span class='ocrx_word' id='word_1_72' title='bbox 429 1376 455 1416; x_wconf 87' lang='lat' dir='ltr'>c.</span> <span class='ocrx_word' id='word_1_73' title='bbox 472 1375 516 1427; x_wconf 65' lang='grc' dir='ltr'>ιο.</span> <span class='ocrx_word' id='word_1_74' title='bbox 538 1354 698 1424; x_wconf 84' lang='lat' dir='ltr'>testentur,</span> <span class='ocrx_word' id='word_1_75' title='bbox 728 1375 786 1412; x_wconf 92' lang='lat' dir='ltr'>non</span> <span class='ocrx_word' id='word_1_76' title='bbox 802 1354 888 1414; x_wconf 83' lang='lat' dir='ltr'>video</span> <span class='ocrx_word' id='word_1_77' title='bbox 913 1372 1012 1414; x_wconf 86' lang='lat' dir='ltr'>contra</span> 
     </span>
     <span class='ocr_line' id='line_1_13' title="bbox 319 1430 1012 1516; baseline 0 -22"><span class='ocrx_word' id='word_1_78' title='bbox 319 1433 403 1495; x_wconf 85' lang='lat' dir='ltr'>testes</span> <span class='ocrx_word' id='word_1_79' title='bbox 418 1434 558 1516; x_wconf 78' lang='lat' dir='ltr'>ejusmodi</span> <span class='ocrx_word' id='word_1_80' title='bbox 572 1455 632 1512; x_wconf 83' lang='lat' dir='ltr'>quae</span> <span class='ocrx_word' id='word_1_81' title='bbox 648 1433 691 1492; x_wconf 88' lang='lat' dir='ltr'>vis</span> <span class='ocrx_word' id='word_1_82' title='bbox 711 1430 793 1512; x_wconf 84' lang='lat' dir='ltr'>poffit</span> <span class='ocrx_word' id='word_1_83' title='bbox 807 1433 861 1493; x_wconf 79' lang='lat' dir='ltr'>else</span> <span class='ocrx_word' id='word_1_84' title='bbox 876 1452 952 1494; x_wconf 88' lang='lat' dir='ltr'>tanta</span> <span class='ocrx_word' id='word_1_85' title='bbox 963 1457 1012 1494; x_wconf 88' lang='lat' dir='ltr'>ra·</span> 
     </span>
     <span class='ocr_line' id='line_1_14' title="bbox 321 1512 1013 1593; baseline 0 -18"><span class='ocrx_word' id='word_1_86' title='bbox 321 1515 446 1589; x_wconf 81' lang='lat' dir='ltr'>tionum.</span> <span class='ocrx_word' id='word_1_87' title='bbox 471 1513 559 1573; x_wconf 89' lang='lat' dir='ltr'>Plorii</span> <span class='ocrx_word' id='word_1_88' title='bbox 584 1512 721 1590; x_wconf 89' lang='lat' dir='ltr'>Variique</span> <span class='ocrx_word' id='word_1_89' title='bbox 750 1514 860 1572; x_wconf 88' lang='lat' dir='ltr'>mentio</span> <span class='ocrx_word' id='word_1_90' title='bbox 883 1514 1013 1593; x_wconf 77' lang='lat' dir='ltr'>frequens</span> 
     </span>
     <span class='ocr_line' id='line_1_15' title="bbox 320 1591 1014 1676; baseline -0.001 -19"><span class='ocrx_word' id='word_1_91' title='bbox 320 1595 400 1675; x_wconf 80' lang='lat' dir='ltr'>apud</span> <span class='ocrx_word' id='word_1_92' title='bbox 424 1594 603 1654; x_wconf 80' lang='lat' dir='ltr'>Horatium:</span> <span class='ocrx_word' id='word_1_93' title='bbox 633 1591 650 1654; x_wconf 64' lang='lat' dir='ltr'>*e</span> <span class='ocrx_word' id='word_1_94' title='bbox 671 1592 773 1672; x_wconf 91' lang='lat' dir='ltr'>quibus</span> <span class='ocrx_word' id='word_1_95' title='bbox 803 1594 906 1654; x_wconf 90' lang='lat' dir='ltr'>Varius</span> <span class='ocrx_word' id='word_1_96' title='bbox 930 1594 1014 1676; x_wconf 86' lang='lat' dir='ltr'>Epici</span> 
     </span>
     <span class='ocr_line' id='line_1_16' title="bbox 319 1670 1011 1755; baseline -0.006 -16"><span class='ocrx_word' id='word_1_97' title='bbox 319 1674 453 1739; x_wconf 81' lang='lat' dir='ltr'>carminis</span> <span class='ocrx_word' id='word_1_98' title='bbox 462 1670 499 1735; x_wconf 69' lang='lat' dir='ltr'>el</span> <span class='ocrx_word' id='word_1_99' title='bbox 514 1692 594 1736; x_wconf 83' lang='lat' dir='ltr'>aetare</span> <span class='ocrx_word' id='word_1_100' title='bbox 606 1673 738 1755; x_wconf 85' lang='lat' dir='ltr'>princeps</span> <span class='ocrx_word' id='word_1_101' title='bbox 751 1672 814 1733; x_wconf 87' lang='lat' dir='ltr'>fuit.</span> <span class='ocrx_word' id='word_1_102' title='bbox 836 1678 927 1754; x_wconf 83' lang='lat' dir='ltr'>Satyr.</span> <span class='ocrx_word' id='word_1_103' title='bbox 943 1676 966 1740; x_wconf 91' lang='lat'>1.</span> <span class='ocrx_word' id='word_1_104' title='bbox 984 1696 1011 1735; x_wconf 88' lang='lat' dir='ltr'>r.</span> 
     </span>
     <span class='ocr_line' id='line_1_17' title="bbox 323 1755 1012 1840; baseline -0.003 -21"><span class='ocrx_word' id='word_1_105' title='bbox 323 1777 352 1833; x_wconf 82' lang='grc' dir='ltr'>ς.</span> <span class='ocrx_word' id='word_1_106' title='bbox 366 1756 474 1834; x_wconf 81' lang='lat' dir='ltr'>Postera</span> <span class='ocrx_word' id='word_1_107' title='bbox 488 1756 538 1818; x_wconf 83' lang='lat' dir='ltr'>lux</span> <span class='ocrx_word' id='word_1_108' title='bbox 551 1758 641 1817; x_wconf 82' lang='lat' dir='ltr'>oritur</span> <span class='ocrx_word' id='word_1_109' title='bbox 650 1758 737 1818; x_wconf 83' lang='lat' dir='ltr'>multo</span> <span class='ocrx_word' id='word_1_110' title='bbox 745 1755 899 1840; x_wconf 80' lang='lat' dir='ltr'>gratifflma</span> <span class='ocrx_word' id='word_1_111' title='bbox 912 1783 921 1815; x_wconf 93' lang='lat'><em>:</em></span> <span class='ocrx_word' id='word_1_112' title='bbox 932 1768 1012 1817; x_wconf 84' lang='lat' dir='ltr'>nam·</span> 
     </span>
     <span class='ocr_line' id='line_1_18' title="bbox 319 1838 1013 1980; baseline -0.004 -78"><span class='ocrx_word' id='word_1_113' title='bbox 319 1861 373 1923; x_wconf 87' lang='lat' dir='ltr'>que</span> <span class='ocrx_word' id='word_1_114' title='bbox 386 1841 494 1901; x_wconf 82' lang='lat' dir='ltr'>Plotius</span> <span class='ocrx_word' id='word_1_115' title='bbox 514 1838 550 1906; x_wconf 56' lang='grc' dir='ltr'>θ</span> <span class='ocrx_word' id='word_1_116' title='bbox 568 1841 672 1900; x_wconf 79' lang='lat' dir='ltr'>Varius</span> <span class='ocrx_word' id='word_1_117' title='bbox 688 1838 813 1980; x_wconf 54' lang='lat' dir='ltr'>Sinueffae</span> <span class='ocrx_word' id='word_1_118' title='bbox 822 1883 833 1912; x_wconf 91' lang='lat'><em>,</em></span> <span class='ocrx_word' id='word_1_119' title='bbox 859 1838 1013 1920; x_wconf 80' lang='lat' dir='ltr'>Virgilius·</span> 
     </span>
     <span class='ocr_line' id='line_1_19' title="bbox 317 1923 1013 2006; baseline -0.001 -23"><span class='ocrx_word' id='word_1_120' title='bbox 317 1943 373 2006; x_wconf 80' lang='lat' dir='ltr'>que</span> <span class='ocrx_word' id='word_1_121' title='bbox 387 1941 534 1982; x_wconf 68' lang='lat' dir='ltr'>rotumam</span> <span class='ocrx_word' id='word_1_122' title='bbox 548 1947 557 1980; x_wconf 92' lang='lat'>.·</span> <span class='ocrx_word' id='word_1_123' title='bbox 570 1923 669 1981; x_wconf 79' lang='lat' dir='ltr'>animae</span> <span class='ocrx_word' id='word_1_124' title='bbox 683 1967 694 1993; x_wconf 90' lang='lat'>‚</span> <span class='ocrx_word' id='word_1_125' title='bbox 709 1943 765 2004; x_wconf 86' lang='lat' dir='ltr'>qua</span> <span class='ocrx_word' id='word_1_126' title='bbox 780 1943 809 1983; x_wconf 89' lang='lat' dir='ltr'>es</span> <span class='ocrx_word' id='word_1_127' title='bbox 829 1942 917 2003; x_wconf 85' lang='lat' dir='ltr'>neque</span> <span class='ocrx_word' id='word_1_128' title='bbox 939 1943 1013 1984; x_wconf 86' lang='lat' dir='ltr'>can-</span> 
     </span>
     <span class='ocr_line' id='line_1_20' title="bbox 319 2001 1014 2086; baseline 0 -22"><span class='ocrx_word' id='word_1_129' title='bbox 319 2005 444 2064; x_wconf 80' lang='lat' dir='ltr'>didiores</span> <span class='ocrx_word' id='word_1_130' title='bbox 462 2021 539 2062; x_wconf 81' lang='lat' dir='ltr'>terra</span> <span class='ocrx_word' id='word_1_131' title='bbox 559 2001 627 2062; x_wconf 74' lang='lat' dir='ltr'>tulit</span> <span class='ocrx_word' id='word_1_132' title='bbox 637 2047 649 2074; x_wconf 86' lang='lat'><em>‚</em></span> <span class='ocrx_word' id='word_1_133' title='bbox 670 2025 719 2064; x_wconf 86' lang='lat' dir='ltr'>nec</span> <span class='ocrx_word' id='word_1_134' title='bbox 739 2003 820 2084; x_wconf 81' lang='lat' dir='ltr'>queis</span> <span class='ocrx_word' id='word_1_135' title='bbox 840 2024 883 2064; x_wconf 88' lang='lat' dir='ltr'>me</span> <span class='ocrx_word' id='word_1_136' title='bbox 901 2001 941 2086; x_wconf 78' lang='lat' dir='ltr'>stt</span> <span class='ocrx_word' id='word_1_137' title='bbox 963 2007 1014 2064; x_wconf 79' lang='lat' dir='ltr'>de-</span> 
     </span>
     <span class='ocr_line' id='line_1_21' title="bbox 319 2081 1015 2162; baseline -0.007 -16"><span class='ocrx_word' id='word_1_138' title='bbox 319 2086 448 2146; x_wconf 67' lang='lat' dir='ltr'>vintiior</span> <span class='ocrx_word' id='word_1_139' title='bbox 466 2082 550 2144; x_wconf 83' lang='lat' dir='ltr'>alter.</span> <span class='ocrx_word' id='word_1_140' title='bbox 563 2084 680 2162; x_wconf 74' lang='lat' dir='ltr'>Corpus</span> <span class='ocrx_word' id='word_1_141' title='bbox 698 2084 817 2155; x_wconf 60' lang='lat' dir='ltr'>Virgilii</span> <span class='ocrx_word' id='word_1_142' title='bbox 837 2081 1015 2162; x_wconf 77' lang='lat' dir='ltr'>Neapolim,</span> 
     </span>
     <span class='ocr_line' id='line_1_22' title="bbox 318 2160 1015 2245; baseline -0.004 -17"><span class='ocrx_word' id='word_1_143' title='bbox 318 2183 353 2229; x_wconf 92' lang='lat' dir='ltr'>ut</span> <span class='ocrx_word' id='word_1_144' title='bbox 364 2163 512 2245; x_wconf 89' lang='lat' dir='ltr'>cupierat,</span> <span class='ocrx_word' id='word_1_145' title='bbox 528 2161 715 2235; x_wconf 83' lang='lat' dir='ltr'>transsatum,</span> <span class='ocrx_word' id='word_1_146' title='bbox 730 2162 778 2225; x_wconf 72' lang='lat' dir='ltr'>vil</span> <span class='ocrx_word' id='word_1_147' title='bbox 791 2160 950 2227; x_wconf 67' lang='lat' dir='ltr'>Puteolani</span> <span class='ocrx_word' id='word_1_148' title='bbox 970 2165 1015 2225; x_wconf 86' lang='lat' dir='ltr'>se·</span> 
     </span>
     <span class='ocr_line' id='line_1_23' title="bbox 317 2244 1012 2330; baseline -0.007 -21"><span class='ocrx_word' id='word_1_149' title='bbox 317 2249 433 2330; x_wconf 89' lang='lat' dir='ltr'>pultum</span> <span class='ocrx_word' id='word_1_150' title='bbox 445 2244 495 2306; x_wconf 82' lang='lat' dir='ltr'>est.</span> <span class='ocrx_word' id='word_1_151' title='bbox 508 2244 644 2326; x_wconf 85' lang='lat' dir='ltr'>Scripta,</span> <span class='ocrx_word' id='word_1_152' title='bbox 665 2245 781 2307; x_wconf 86' lang='lat' dir='ltr'>sublatis</span> <span class='ocrx_word' id='word_1_153' title='bbox 795 2246 906 2324; x_wconf 91' lang='lat' dir='ltr'>aliquot</span> <span class='ocrx_word' id='word_1_154' title='bbox 922 2245 1012 2308; x_wconf 80' lang='lat' dir='ltr'>rerfi-</span> 
     </span>
     <span class='ocr_line' id='line_1_24' title="bbox 318 2327 1015 2410; baseline -0.006 -18"><span class='ocrx_word' id='word_1_155' title='bbox 318 2333 396 2403; x_wconf 88' lang='lat' dir='ltr'>bus,</span> <span class='ocrx_word' id='word_1_156' title='bbox 415 2327 499 2388; x_wconf 86' lang='lat' dir='ltr'>nullo</span> <span class='ocrx_word' id='word_1_157' title='bbox 523 2327 651 2400; x_wconf 84' lang='lat' dir='ltr'>addito,</span> <span class='ocrx_word' id='word_1_158' title='bbox 682 2327 817 2388; x_wconf 86' lang='lat' dir='ltr'>dicuntur</span> <span class='ocrx_word' id='word_1_159' title='bbox 847 2344 1015 2410; x_wconf 85' lang='lat' dir='ltr'>expurgata.</span> 
     </span>
     <span class='ocr_line' id='line_1_25' title="bbox 319 2406 1009 2492; baseline -0.006 -19"><span class='ocrx_word' id='word_1_160' title='bbox 319 2416 436 2473; x_wconf 89' lang='lat' dir='ltr'>Morum</span> <span class='ocrx_word' id='word_1_161' title='bbox 448 2415 474 2469; x_wconf 72' lang='lat'>8(</span> <span class='ocrx_word' id='word_1_162' title='bbox 485 2408 568 2470; x_wconf 78' lang='lat' dir='ltr'>farnoe</span> <span class='ocrx_word' id='word_1_163' title='bbox 579 2407 709 2492; x_wconf 89' lang='lat' dir='ltr'>cognitio</span> <span class='ocrx_word' id='word_1_164' title='bbox 720 2452 730 2483; x_wconf 87' lang='lat'>‚</span> <span class='ocrx_word' id='word_1_165' title='bbox 743 2406 760 2471; x_wconf 77' lang='lat' dir='ltr'>i:</span> <span class='ocrx_word' id='word_1_166' title='bbox 771 2428 904 2471; x_wconf 88' lang='lat' dir='ltr'>veterum</span> <span class='ocrx_word' id='word_1_167' title='bbox 928 2408 1009 2472; x_wconf 78' lang='lat' dir='ltr'>resti·</span> 
     </span>
     <span class='ocr_line' id='line_1_26' title="bbox 319 2488 1009 2574; baseline 0.006 -22"><span class='ocrx_word' id='word_1_168' title='bbox 319 2491 420 2552; x_wconf 90' lang='lat' dir='ltr'>moniis</span> <span class='ocrx_word' id='word_1_169' title='bbox 447 2512 518 2551; x_wconf 88' lang='lat' dir='ltr'>mox</span> <span class='ocrx_word' id='word_1_170' title='bbox 538 2489 713 2564; x_wconf 86' lang='lat' dir='ltr'>afferendis,</span> <span class='ocrx_word' id='word_1_171' title='bbox 737 2491 832 2572; x_wconf 88' lang='lat' dir='ltr'>potius</span> <span class='ocrx_word' id='word_1_172' title='bbox 852 2488 938 2574; x_wconf 68' lang='lat' dir='ltr'>quim</span> <span class='ocrx_word' id='word_1_173' title='bbox 971 2513 1009 2556; x_wconf 84' lang='lat' dir='ltr'>ex</span> 
     </span>
     <span class='ocr_line' id='line_1_27' title="bbox 320 2571 788 2658; baseline -0.006 -22"><span class='ocrx_word' id='word_1_174' title='bbox 320 2571 564 2637; x_wconf 77' lang='lat' dir='ltr'>PseudoDonato</span> <span class='ocrx_word' id='word_1_175' title='bbox 575 2573 727 2658; x_wconf 87' lang='lat' dir='ltr'>repetenda</span> <span class='ocrx_word' id='word_1_176' title='bbox 737 2572 788 2638; x_wconf 85' lang='lat' dir='ltr'>est.</span> 
     </span>
    </p>
   </div>
   <div class='ocr_carea' id='block_1_3' title="bbox 0 0 1338 3809">
    <p class='ocr_par' dir='ltr' id='par_1_3' title="bbox 0 0 1338 3809">
     <span class='ocr_line' id='line_1_28' title="bbox 0 0 1338 3809; baseline 0 0"><span class='ocrx_word' id='word_1_177' title='bbox 0 0 1338 3809; x_wconf 95' lang='lat' dir='ltr'> </span> 
     </span>
    </p>
   </div>
  </div>
 </body>
</html>
