2667 3809
450 516 881 592 Manonts't'm(
941 508 1002 605 ¹nn]

314 685 497 768 tyrannidem
509 685 638 745 omittere
649 725 659 755 ,
671 690 698 744 &
711 703 827 744 omnem
838 682 1005 762 potestatem

317 767 422 829 annuis
434 764 609 824 Consulibus
621 805 631 833 ,
644 770 671 823 8t
683 763 797 823 Senatui
815 766 916 842 Rcmp.
940 765 1004 825 ted*

322 845 404 904 dere.
416 847 453 903 In
471 841 527 921 qud
538 864 569 904 re
587 842 700 902 diversae
714 841 854 902 sententia
867 843 1006 905 consultor

325 923 428 983 habuit
451 927 635 984 Maeoenatem
648 928 676 982 dt
698 919 866 1004 Agrippam.
887 921 1009 1004 Agrippa

330 1001 429 1073 enim,
451 1002 522 1063 utile
542 1001 589 1061 fibi
612 998 700 1074 fore,
720 1003 807 1063 etiam
826 999 1010 1063 fihonestum
1053 1060 1063 1081 ,

328 1103 387 1156 non
399 1080 491 1155 esset,
514 1083 673 1160 relinquere
697 1081 899 1163 tyrannidem,
922 1081 1011 1166 longi

329 1162 458 1224 oratione
470 1163 615 1225 contendit
631 1185 640 1225 τ
654 1163 732 1241 quod
747 1167 886 1226 Maccnat
905 1162 1013 1226 dehor-

325 1243 379 1304 tari
395 1263 565 1327 magnopere
587 1246 751 1306 conabatur.
764 1243 868 1339 Qare
889 1248 934 1305 Au
977 1241 1011 1304 ui
1049 1261 1055 1271 ¹

324 1324 435 1385 animus
455 1331 482 1385 &
505 1325 571 1386 hinc
595 1324 738 1386 ferebatur
756 1330 783 1384 &
803 1324 895 1385 illinc.
949 1339 1012 1386 rant

324 1404 401 1465 enirn
414 1403 527 1467 diverse
536 1403 676 1466 sententia
695 1403 779 1467 variis
794 1404 946 1465 rationibus
963 1405 1012 1464 stra

325 1501 418 1546 matae.
429 1483 558 1566 Rogavit
577 1485 664 1577 igitur
678 1489 847 1554 Maronem,
858 1504 895 1545 an
914 1483 1013 1545 conse-

326 1581 372 1628 rat
390 1565 506 1645 privato
529 1564 640 1624 homini
662 1564 690 1623 se
712 1564 743 1622 in
764 1561 812 1624 sud
831 1567 905 1644 Rep-
919 1581 1016 1642 tyran·-

326 1665 400 1707 num
424 1644 528 1706 facere·
551 1647 627 1704 Tum
642 1643 716 1703 ille:
740 1640 883 1703 Omnibus
904 1641 1017 1716 serrati,

325 1723 672 1804 inquit,Rempublicam
682 1721 887 1804 aucupantibus
897 1720 1020 1784 molesta
1070 1798 1073 1803 Ι

328 1805 389 1888 ipsa
403 1803 526 1885 tyrannis
549 1803 643 1865 suit&
662 1802 797 1864 civibus:
817 1802 882 1881 quia
910 1799 1019 1866 necesse

326 1881 408 1959 erat,
422 1902 537 1968 propter
548 1884 614 1946 odia
624 1883 801 1946 subditorum
813 1883 1020 1946 auteoruntin¹⁴

329 1965 487 2051 justitiam,
506 1967 536 2026 in
552 1986 657 2048 magna
675 1964 832 2046 suspicione
853 1984 1018 2107 maffnoque

329 2048 434 2110 timore
446 2045 545 2110 vivere
558 2046 626 2108 :sed
646 2045 666 2106 si
679 2045 756 2108 cives
768 2045 873 2128 justum
889 2068 905 2106 a
919 2045 1017 2126 iquetn

328 2127 449 2197 scirent,
458 2148 546 2205 quem
557 2143 683 2189 amarent
693 2125 858 2208 plurimdmt
870 2125 977 2189 civitati
988 2128 1019 2188 id

328 2207 403 2270 utile
415 2204 482 2268 esset
496 2249 506 2279 ,
519 2207 540 2266 st
551 2205 581 2267 in
595 2227 631 2268 eo
646 2227 707 2269 uno
725 2207 817 2268 omnis
831 2207 951 2289 potestas
971 2209 1017 2270 so·
1089 2242 1094 2251 ·

328 2305 383 2351 ret.
400 2286 534 2364 Quareti
553 2284 708 2370 justitiam,
725 2287 803 2367 quod
819 2289 906 2350 modi
926 2289 1017 2362 facis,
1114 2316 1119 2324 ²

329 2367 464 2431 omnibus
480 2364 512 2445 iu
526 2367 674 2440 futurum,
688 2365 769 2430 nulli
787 2368 935 2432 hominum
946 2369 1018 2432 sasiri

333 2447 567 2530 compostione,
583 2447 751 2512 distribuet:
765 2449 904 2514 dominari
921 2470 968 2525 te,
990 2459 1016 2513 dt

330 2529 381 2592 tibi
394 2530 556 2601 conducet,
570 2529 679 2591 &orbi
690 2532 923 2593 Benevolentiam
940 2533 1017 2594 enim

330 2612 465 2672 omnium
475 2610 515 2671 ita
531 2609 638 2684 habes,
659 2626 693 2672 ut
712 2614 811 2674 Deum
823 2629 852 2675 te
863 2611 1017 2675 &adorent

331 2697 362 2751 dt
375 2689 497 2751 credant.
509 2692 577 2775 Ejus
591 2691 756 2754 sententiam
770 2695 882 2756 secutus
902 2695 1017 2767 Caesar,

333 2768 526 2853 principatum
546 2772 645 2833 tenuit.
660 2773 784 2837 Audivit
793 2772 810 2834 ai
820 2777 930 2853 syrone
944 2795 1019 2854 prz-

339 2864 427 2935 cepta
439 2851 563 2934 Epicuri,
576 2854 656 2940 cujus
667 2852 917 2919 doctrinasocium
922 2851 1020 2917 habuit
