2667 3809
402 471 622 574 nnnonrs
651 514 918 574 nrsronrn.
939 509 1011 574 xxix

323 665 374 748 ipfi
387 668 520 749 po'e'mata
531 667 618 731 dicari
630 711 641 740 ‚
654 689 709 730 nec
725 689 759 728 ea
771 668 825 730 dici
838 669 873 732 de
884 668 944 751 ipso
955 690 1009 749 po·

324 763 442 808 ruerunt
454 770 464 821 ς
478 757 516 809 At
535 770 584 821 tu,
597 751 644 810 cui
665 751 775 810 meritis
801 751 889 810 oritur
899 750 1010 830 fiducia

326 828 414 886 rantis
427 850 439 900 ;
454 847 504 889 aut
516 845 547 890 ut
555 829 659 889 habent
674 828 788 891 codices
799 828 865 898 alii,
875 838 911 888 At
924 850 953 890 tu
963 831 1012 890 cui

325 909 438 966 meritis
455 907 670 990 orimrfiducia'
681 907 778 983 castris
788 952 799 979 ,
811 909 916 967 Oliavr‘
927 931 1011 970 vent-

289 1020 291 1024 ·
327 988 457 1046 rande.1
481 989 680 1069 ‘turscriptum
694 986 774 1049 fuisse
794 987 934 1048 Culicem
947 1009 1016 1067 pro-

327 1065 445 1128 babilee
479 1071 565 1141 ,etim
576 1068 715 1131 octavius
731 1067 830 1147 aliquo
848 1067 878 1128 in
896 1067 1014 1130 nornine

302 1144 304 1148 ’
325 1147 412 1227 coepit
426 1147 480 1209 effe
494 1172 503 1209 τ
517 1151 591 1211 circa
603 1150 634 1210 id
643 1150 800 1230 temporis,
820 1170 879 1228 quo
892 1147 1014 1209 donatur

324 1223 432 1305 aJulio
448 1231 560 1291 Caesare
580 1229 749 1292 militaribus
769 1230 871 1302 donis,
890 1249 958 1290 eum
978 1229 1012 1291 in

323 1307 513 1388 Hispanienfia
525 1311 613 1372 castra
623 1311 734 1373 secutus
748 1310 787 1371 est
799 1353 809 1381 ,
822 1331 898 1370 anno
916 1313 955 1371 U.
968 1312 1011 1372 C.

321 1385 435 1451 circiter
453 1412 521 1460 709.
537 1391 651 1453 Octavii
667 1413 711 1462 19.
722 1391 839 1473 Virgilii
856 1399 905 1455 26.
915 1391 1010 1468 Quod

322 1467 385 1545 quis
399 1470 493 1530 credat
503 1470 515 1531 ἒ
527 1471 686 1553 Virgilium
695 1473 731 1531 ab
741 1501 743 1506 ·
752 1471 804 1533 issa
816 1469 927 1534 Culicis
946 1471 1013 1531 exi·

321 1546 401 1609 litate
410 1550 451 1608 ita
461 1568 577 1630 tepente
598 1548 796 1621 convnhrffle,
811 1566 844 1608 ut
855 1571 931 1609 anno
945 1550 1010 1629 post

324 1628 409 1686 tertio
420 1646 558 1707 quartove
567 1630 707 1689 Bucolica
717 1629 836 1689 scribere
849 1645 908 1688 tam
919 1650 1013 1707 aequa·

324 1705 375 1766 bili
388 1713 414 1766 &
430 1708 529 1770 vivido
546 1716 573 1769 ἃ
592 1730 666 1788 puro
684 1709 775 1768 nitore
790 1707 936 1786 inceperit.
957 1710 1012 1774 Hit

324 1786 453 1848 adducor
475 1806 508 1849 ut
533 1805 633 1869 putem
648 1830 659 1861 ,
676 1787 811 1848 insulsum
832 1786 916 1847 illum
945 1791 1014 1850 Cu.

322 1865 432 1940 licem,
457 1889 544 1946 quem
564 1869 700 1930 habemus
719 1890 776 1948 prae
801 1868 955 1941 manibus,
974 1872 1011 1930 ab

320 1943 419 2026 inepto
433 1949 531 2027 aliquo
542 1948 730 2029 posteriorum
749 1964 862 2010 :tatum
873 1948 1011 2029 scriptore

321 2026 420 2088 fliium
435 2027 488 2089 effe
501 2053 509 2088 t
523 2031 572 2108 qui
581 2067 592 2096 ,
601 2028 666 2090 cim
686 2029 762 2110 apud
770 2047 879 2090 veteres
900 2030 1024 2093 laudari·

321 2106 421 2187 passitn
445 2109 556 2170 videret
580 2110 741 2190 juvenilem
769 2109 896 2169 Maronis
923 2111 1012 2173 culi·

320 2207 386 2247 cem
398 2236 407 2262 ,
418 2187 551 2248 caminum
563 2189 648 2250 illum
661 2190 733 2250 vitio
748 2204 912 2267 temporum
929 2191 1008 2250 testi-

321 2282 403 2326 tuere
425 2289 476 2347 per
493 2268 595 2329 ludum
616 2286 666 2329 aut
705 2289 735 2328 er
756 2269 896 2327 summam
917 2270 1014 2332 auda-.

318 2348 395 2408 ciam
407 2348 556 2427 voluerit,
571 2292 719 2428 quomoio
729 2347 862 2428 deinceps
873 2346 890 2408 i
902 2348 1008 2410 leviffi·

318 2427 373 2488 mis
392 2429 574 2510 scriptoribus
596 2433 689 2490 multa
710 2427 856 2489 malitiosi
887 2431 1007 2494 conficis

318 2509 400 2580 litut„
411 2525 443 2570 ut
454 2503 586 2571 Cornelii
595 2510 675 2571 Galli
687 2509 805 2593 Elegiae,
815 2516 939 2590 &nuper
945 2513 1005 2574 Pe-

319 2588 403 2648 tronii
427 2589 664 2687 fragmentum...
1063 2596 1069 2602 ’

330 2715 333 2720 .
360 2667 441 2727 Idem
455 2673 515 2730 esto
528 2671 564 2732 de
576 2679 637 2731 cm
652 2670 814 2752 judicium,
829 2649 914 2745 quam
928 2634 1003 2730 Ovi-¹

320 2743 359 2804 dii
367 2763 494 2827 ternpore
504 2750 688 2828 posteriorem
697 2748 750 2812 ess'e
762 2748 1002 2828 indicatScyllae‚

316 2825 404 2908 patris
429 2834 456 2890 &
476 2830 569 2913 patriae
591 2831 704 2896 ruinam
727 2827 911 2901 meditantis,
933 2848 1002 2892 cum

868 2938 912 2999 03
