2667 3809
321 473 377 529 ns
457 469 624 525 rurrrr
650 468 905 533 Virorrrr

316 607 408 659 Fecere
421 609 557 674 agricolarq
572 608 654 659 facilis
666 605 834 669 quarentibus
845 606 947 660 berbaa
1032 650 1040 662 .

317 686 436 746 Namque
444 685 499 734 imo
506 685 640 749 ingentem
647 684 718 735 tollit
723 683 757 734 de
763 682 856 748 cespite
863 683 964 749 spiram
974 714 1005 744 2,

318 768 418 813 Aureus
426 761 495 827 ipse,
505 760 582 813 sedin
589 763 676 823 foliis,
686 777 739 825 quae
747 763 859 826 plurime
865 760 967 813 circium

316 841 468 891 Funuuntur
479 871 488 901 ,
501 843 576 892 viole
591 839 700 891 sublucet
711 856 818 906 purpura
831 841 929 906 nigrae«

320 924 391 982 Saepe
403 916 492 972 Derim
504 920 578 970 nexis
589 936 682 971 ornatae
696 916 825 981 torquibus
838 935 910 969 arat:

322 996 403 1061 Asper
417 999 445 1048 in
458 1015 503 1048 ore
515 998 584 1062 sapor
597 1016 605 1048 t
619 996 694 1049 toufis
707 998 736 1047 in
749 996 860 1048 vallibus
874 999 957 1049 illum

321 1078 431 1126 Pastores
442 1106 451 1135 ,
466 1077 493 1125 δι
502 1092 576 1126 curva
584 1078 673 1139 legunt
682 1091 757 1139 prope
768 1074 880 1125 flumina
891 1076 995 1127 Melite·

322 1151 406 1214 Hujus
418 1152 523 1201 odorato
537 1152 631 1202 radices
642 1152 748 1213 incoque
761 1152 862 1201 Baccho
875 1180 885 1210 ‚

323 1229 462 1293 Pabulaque
474 1231 503 1281 in
514 1229 609 1281 foribus
621 1230 704 1295 plenis
716 1244 810 1294 appone
823 1230 952 1281 canistris·
992 1254 995 1259 ·

357 1387 406 1438 Sed
417 1420 425 1448 ‚
439 1386 545 1451 siquem
560 1389 644 1452 proles
655 1384 737 1438 subitb
749 1386 874 1439 defecerit
886 1390 977 1440 omnis
990 1418 1001 1450 ‚

326 1466 401 1529 Nee,
409 1483 487 1534 genus
494 1466 561 1519 und'e
569 1483 641 1519 nove
646 1467 725 1531 stirpis
732 1474 867 1518 revocetur
875 1499 884 1529 ‚
891 1467 998 1520 habebit
1005 1486 1016 1521 τι

327 1552 442 1612 Tempus
452 1550 479 1599 δε
490 1547 595 1600 Arcadii
602 1546 766 1598 memoranda
773 1546 1012 1613 inventa-magistri

331 1630 464 1693 Pandere,
476 1645 574 1694 quoque
582 1628 660 1680 modo
669 1627 732 1680 caefis
740 1628 791 1691 iam
799 1626 865 1693 saepe
872 1621 992 1691 iuvencis

329 1708 468 1761 Iofiuceros
479 1725 537 1774 apes
547 1708 636 1761 tulerit
646 1724 718 1760 cruor
730 1725 738 1758 ι
751 1703 829 1758 ultius
844 1724 958 1760 omnem

332 1788 492 1852 Expediam‚
503 1786 584 1852 primi
595 1800 710 1851 repetens
722 1784 753 1837 ab
764 1784 869 1851 origine
881 1818 892 1849 ‚
906 1790 1016 1843 fimum.

362 1948 452 2006 Nam,
465 1943 512 2009 quai
524 1947 611 2000 Pellaei
624 1963 686 2014 gens
698 1952 820 2001 fortunata
831 1954 939 2018 Canopi
1051 2014 1054 2020 ¹

333 2026 437 2079 Accolit
449 2023 525 2075 effuso
538 2026 693 2091 stagnantem
705 2025 811 2077 flumine
820 2028 944 2090 Nilum,

335 2108 368 2157 Et
380 2102 477 2158 circium
491 2106 563 2170 pistis
574 2105 675 2155 vehitur
687 2103 728 2155 sua
740 2120 796 2154 rura
808 2106 918 2169 phaselis
933 2128 944 2173 ς

336 2185 440 2247 Quique
454 2187 598 2249 pharetrate
612 2184 706 2234 vicinia
718 2182 821 2235 Perfidis
834 2201 932 2252 urget,

336 2265 369 2313 Et
380 2262 491 2312 viridem
503 2266 645 2326 AEgpptum
658 2258 729 2325 nigri
740 2261 869 2317 foecundat
883 2261 987 2328 areni,

335 2342 369 2389 Et
380 2336 478 2389 diversa
490 2354 563 2388 ruens
575 2335 669 2401 septem
681 2336 797 2389 discurrit
807 2339 835 2388 in
850 2356 900 2391 ora

336 2416 420 2490 Usque
432 2419 547 2467 coloratis
561 2416 644 2465 amnis
658 2415 768 2466 devexus
781 2414 810 2464 ab
825 2416 898 2467 indis
913 2436 923 2468 t

338 2497 432 2550 omnis
446 2497 475 2545 in
488 2495 533 2547 hic
545 2511 641 2547 certam
653 2498 725 2562 regio
737 2495 793 2559 iacit
806 2510 860 2546 arte
872 2495 998 2552 salutem.

368 2654 478 2720 Exiguus
487 2646 600 2717 primum
607 2683 615 2711 ,
622 2665 695 2714 atque
702 2650 765 2717 ipsos
773 2652 917 2703 contrastus
925 2653 958 2704 ad
968 2631 1030 2705 usus¹

338 2732 447 2798 Eligitur
460 2735 527 2783 locus
540 2749 548 2781 t
561 2734 627 2783 hunc
639 2732 780 2796 augustique
793 2729 902 2781 imbrice
915 2734 982 2784 tesbi
995 2766 1005 2794 ‚

339 2809 520 2875 Parietibusque
527 2810 740 2876 permutauerit,
750 2810 778 2861 δι
785 2822 890 2871 quatuor
896 2808 1003 2864 addam
