2667 3809
465 497 887 592 PRAErATrm
960 522 1006 624 m

320 700 477 802 supetat)
501 705 654 780 codicem
673 707 724 780 M.
751 707 788 780 S.
820 713 1009 787 Bibliothe-

321 843 373 891 cae
390 818 798 896 Mediceo-Laurentianae
812 874 822 908 ,
834 828 927 901 bono
942 856 1009 928 pu.

321 929 415 1003 blico
444 939 480 1006 &
504 933 687 1008 commodo
713 940 802 1037 typis
828 941 1010 1016 Mennianis

323 1036 503 1114 Florentiae
530 1041 730 1144 descriptum
765 1072 850 1120 anno
877 1049 922 1121 C.
962 1051 1011 1124 N.

326 1172 420 1250 1741
452 1181 462 1231 t
495 1182 612 1258 utpote
644 1163 702 1259 qui
745 1161 1012 1237 animadverteris

319 1290 392 1340 mus
418 1271 507 1344 viros
525 1269 693 1346 dosiiores
720 1271 787 1346 hoc
819 1274 924 1349 minis
950 1299 1011 1347 an·

318 1373 384 1450 sam
405 1371 507 1451 errori
522 1377 690 1480 prebuisse
706 1380 773 1478 quis
787 1379 880 1479 plura
892 1405 934 1454 ex
950 1381 1008 1455 ilio

318 1471 413 1558 fonte
446 1482 657 1561 suluberrimo
690 1485 863 1560 hauserint.
897 1486 1009 1560 Nobis

320 1615 431 1668 tamen
450 1594 569 1696 religio
594 1595 658 1671 suit
684 1620 724 1669 ne
747 1593 848 1669 latum
872 1595 1009 1694 quidem

322 1730 469 1806 unguem
499 1705 518 1781 i
548 1703 776 1806 probatissimis
801 1704 1009 1807 receptisque

322 1818 522 1896 editionibus
539 1818 722 1905 recedere,
738 1843 794 1894 aut
809 1818 933 1920 aliquid
948 1845 1010 1895 no·

319 1928 386 2006 stro
416 1930 557 2029 scapello
593 1953 789 2033 arroganter
823 1929 1009 2007 rescindere

319 2041 414 2142 quod
435 2065 584 2118 veterum
611 2046 902 2144 recentiorumque
926 2068 1010 2118 con-

321 2153 434 2230 sensus
446 2157 607 2230 unanimis
624 2154 878 2232 consecraverit.

366 2347 488 2449 Itaque
504 2371 567 2421 nec
584 2347 707 2422 laboris
725 2349 1007 2445 impatientes,nec

319 2457 422 2557 operi
445 2463 534 2558 parci
561 2466 660 2561 (quae
686 2461 818 2532 minima
843 2457 913 2531 laus
937 2459 1007 2550 est)

318 2570 422 2643 varias
439 2570 473 2638 in
489 2572 584 2644 variis
604 2567 777 2642 codicibus
793 2566 925 2666 legendi
938 2568 1008 2644 sor-

318 2680 422 2754 ‘mulus
451 2708 548 2779 quam
573 2680 806 2757 accuratissime
826 2682 1007 2780 perpendi·

319 2817 392 2866 mus
406 2842 417 2874 ‚
433 2794 559 2866 collatis
576 2798 661 2868 inter
677 2794 710 2867 se
727 2819 811 2894 quos
835 2790 1006 2890 undequa-

318 2925 388 3006 que
407 2904 605 3003 conquistos
629 2930 744 3008 parare
767 2903 864 2977 nobis
883 2902 1004 3006 licuit2

810 3018 873 3095 ²4
