<?xml version="1.0" encoding="UTF-8"?>
<!DOCTYPE html PUBLIC "-//W3C//DTD XHTML 1.0 Transitional//EN"
    "http://www.w3.org/TR/xhtml1/DTD/xhtml1-transitional.dtd">
<html xmlns="http://www.w3.org/1999/xhtml" xml:lang="en" lang="en">
 <head>
  <title>
</title>
<meta http-equiv="Content-Type" content="text/html;charset=utf-8" />
  <meta name='ocr-system' content='tesseract 3.04.00' />
  <meta name='ocr-capabilities' content='ocr_page ocr_carea ocr_par ocr_line ocrx_word'/>
</head>
<body>
  <div class='ocr_page' id='page_1' title='image "./operacurisstudi00virggoog_0071.png"; bbox 0 0 2667 3809; ppageno 0'>
   <div class='ocr_carea' id='block_1_1' title="bbox 433 476 1021 567">
    <p class='ocr_par' dir='ltr' id='par_1_1' title="bbox 433 476 1021 567">
     <span class='ocr_line' id='line_1_1' title="bbox 433 476 1021 567; baseline -0.009 -13"><span class='ocrx_word' id='word_1_1' title='bbox 433 487 652 555; x_wconf 62' lang='lat' dir='ltr'>menonem</span> <span class='ocrx_word' id='word_1_2' title='bbox 680 494 919 554; x_wconf 68' lang='lat' dir='ltr'>merente.</span> <span class='ocrx_word' id='word_1_3' title='bbox 994 476 1021 567; x_wconf 68' lang='lat'>15·</span> 
     </span>
    </p>
   </div>
   <div class='ocr_carea' id='block_1_2' title="bbox 319 648 1019 955">
    <p class='ocr_par' dir='ltr' id='par_1_2' title="bbox 319 648 1019 737">
     <span class='ocr_line' id='line_1_2' title="bbox 319 648 1019 737; baseline 0.001 -22"><span class='ocrx_word' id='word_1_4' title='bbox 319 650 466 737; x_wconf 73' lang='lat' dir='ltr'>Augustus</span> <span class='ocrx_word' id='word_1_5' title='bbox 485 651 566 733; x_wconf 87' lang='lat' dir='ltr'>ipse,</span> <span class='ocrx_word' id='word_1_6' title='bbox 586 648 637 729; x_wconf 88' lang='lat' dir='ltr'>qui</span> <span class='ocrx_word' id='word_1_7' title='bbox 655 649 795 712; x_wconf 82' lang='lat' dir='ltr'><strong>Suetonio</strong></span> <span class='ocrx_word' id='word_1_8' title='bbox 818 651 887 715; x_wconf 87' lang='lat' dir='ltr'>teste</span> <span class='ocrx_word' id='word_1_9' title='bbox 904 650 1019 716; x_wconf 85' lang='lat' dir='ltr'>luxerat</span> 
     </span>
    </p>

    <p class='ocr_par' dir='ltr' id='par_1_3' title="bbox 319 729 1017 818">
     <span class='ocr_line' id='line_1_3' title="bbox 319 729 1017 818; baseline 0.001 -23"><span class='ocrx_word' id='word_1_10' title='bbox 319 734 402 795; x_wconf 85' lang='lat' dir='ltr'>Galli</span> <span class='ocrx_word' id='word_1_11' title='bbox 425 755 550 804; x_wconf 84' lang='lat' dir='ltr'>necem,</span> <span class='ocrx_word' id='word_1_12' title='bbox 565 753 625 792; x_wconf 92' lang='lat' dir='ltr'>non</span> <span class='ocrx_word' id='word_1_13' title='bbox 640 729 680 790; x_wconf 84' lang='lat' dir='ltr'>ita</span> <span class='ocrx_word' id='word_1_14' title='bbox 690 732 805 794; x_wconf 86' lang='lat' dir='ltr'>videtur</span> <span class='ocrx_word' id='word_1_15' title='bbox 819 733 932 794; x_wconf 79' lang='lat' dir='ltr'>infestus</span> <span class='ocrx_word' id='word_1_16' title='bbox 954 734 1017 818; x_wconf 78' lang='lat' dir='ltr'>ejus</span> 
     </span>
    </p>

    <p class='ocr_par' dir='ltr' id='par_1_4' title="bbox 320 811 1019 955">
     <span class='ocr_line' id='line_1_4' title="bbox 320 811 1019 955; baseline -0.003 -83"><span class='ocrx_word' id='word_1_17' title='bbox 320 813 403 955; x_wconf 65' lang='lat' dir='ltr'>fduiffe</span> <span class='ocrx_word' id='word_1_18' title='bbox 426 813 572 877; x_wconf 72' lang='lat' dir='ltr'>memorie</span> <span class='ocrx_word' id='word_1_19' title='bbox 590 855 600 886; x_wconf 90' lang='lat'>,</span> <span class='ocrx_word' id='word_1_20' title='bbox 621 831 654 874; x_wconf 91' lang='lat' dir='ltr'>ut</span> <span class='ocrx_word' id='word_1_21' title='bbox 672 812 770 874; x_wconf 84' lang='lat' dir='ltr'>inanes</span> <span class='ocrx_word' id='word_1_22' title='bbox 791 811 819 874; x_wconf 84' lang='lat' dir='ltr'>ei</span> <span class='ocrx_word' id='word_1_23' title='bbox 833 815 931 877; x_wconf 81' lang='lat' dir='ltr'>laudes</span> <span class='ocrx_word' id='word_1_24' title='bbox 945 815 1019 881; x_wconf 81' lang='lat' dir='ltr'>invi.</span> 
     </span>
     <span class='ocr_line' id='line_1_5' title="bbox 347 913 418 955; baseline -0.042 0"><span class='ocrx_word' id='word_1_25' title='bbox 347 913 418 955; x_wconf 87' lang='lat' dir='ltr'>eret.</span> 
     </span>
    </p>
   </div>
   <div class='ocr_carea' id='block_1_3' title="bbox 344 1025 993 1290">
    <p class='ocr_par' dir='ltr' id='par_1_5' title="bbox 344 1025 993 1290">
     <span class='ocr_line' id='line_1_6' title="bbox 344 1025 993 1108; baseline -0.002 -18"><span class='ocrx_word' id='word_1_26' title='bbox 344 1037 442 1096; x_wconf 75' lang='lat' dir='ltr'><em>Annus</em></span> <span class='ocrx_word' id='word_1_27' title='bbox 451 1027 488 1088; x_wconf 88' lang='lat' dir='ltr'>U.</span> <span class='ocrx_word' id='word_1_28' title='bbox 500 1028 538 1088; x_wconf 90' lang='lat' dir='ltr'>C.</span> <span class='ocrx_word' id='word_1_29' title='bbox 548 1046 616 1098; x_wconf 81' lang='lat'>729.</span> <span class='ocrx_word' id='word_1_30' title='bbox 624 1025 747 1108; x_wconf 83' lang='lat' dir='ltr'><em>Augusti</em></span> <span class='ocrx_word' id='word_1_31' title='bbox 756 1047 804 1105; x_wconf 83' lang='lat'>39.</span> <span class='ocrx_word' id='word_1_32' title='bbox 813 1026 935 1107; x_wconf 79' lang='lat' dir='ltr'><em>Virgilii</em></span> <span class='ocrx_word' id='word_1_33' title='bbox 941 1035 993 1098; x_wconf 83' lang='lat'>46.</span> 
     </span>
     <span class='ocr_line' id='line_1_7' title="bbox 365 1123 979 1187; baseline -0.002 0"><span class='ocrx_word' id='word_1_34' title='bbox 365 1128 405 1187; x_wconf 87' lang='lat' dir='ltr'>C.</span> <span class='ocrx_word' id='word_1_35' title='bbox 426 1123 594 1186; x_wconf 83' lang='lat' dir='ltr'>CAESAR</span> <span class='ocrx_word' id='word_1_36' title='bbox 619 1124 886 1186; x_wconf 87' lang='lat' dir='ltr'>AUGUSTUS</span> <span class='ocrx_word' id='word_1_37' title='bbox 910 1127 979 1187; x_wconf 84' lang='lat' dir='ltr'>IX.</span> 
     </span>
     <span class='ocr_line' id='line_1_8' title="bbox 364 1219 874 1290; baseline -0.006 -7"><span class='ocrx_word' id='word_1_38' title='bbox 364 1225 407 1283; x_wconf 89' lang='lat' dir='ltr'>M.</span> <span class='ocrx_word' id='word_1_39' title='bbox 432 1219 606 1290; x_wconf 88' lang='lat' dir='ltr'>JUNIUS</span> <span class='ocrx_word' id='word_1_40' title='bbox 634 1220 874 1283; x_wconf 84' lang='lat' dir='ltr'>SILANUS.</span> 
     </span>
    </p>
   </div>
   <div class='ocr_carea' id='block_1_4' title="bbox 316 1342 1015 2575">
    <p class='ocr_par' dir='ltr' id='par_1_6' title="bbox 423 1342 1015 1428">
     <span class='ocr_line' id='line_1_9' title="bbox 423 1342 1015 1428; baseline -0.003 -22"><span class='ocrx_word' id='word_1_41' title='bbox 423 1343 549 1428; x_wconf 82' lang='lat' dir='ltr'>Ugustus</span> <span class='ocrx_word' id='word_1_42' title='bbox 559 1361 660 1404; x_wconf 82' lang='lat' dir='ltr'>movet</span> <span class='ocrx_word' id='word_1_43' title='bbox 670 1343 883 1426; x_wconf 85' lang='lat' dir='ltr'>expeditionem</span> <span class='ocrx_word' id='word_1_44' title='bbox 895 1342 923 1403; x_wconf 84' lang='lat' dir='ltr'>in</span> <span class='ocrx_word' id='word_1_45' title='bbox 935 1346 1015 1406; x_wconf 86' lang='lat' dir='ltr'>Can·</span> 
     </span>
    </p>

    <p class='ocr_par' dir='ltr' id='par_1_7' title="bbox 316 1423 1013 2575">
     <span class='ocr_line' id='line_1_10' title="bbox 423 1423 1013 1506; baseline -0.003 -19"><span class='ocrx_word' id='word_1_46' title='bbox 423 1430 540 1487; x_wconf 85' lang='lat' dir='ltr'>tabros:</span> <span class='ocrx_word' id='word_1_47' title='bbox 566 1423 622 1502; x_wconf 73' lang='lat' dir='ltr'>qul</span> <span class='ocrx_word' id='word_1_48' title='bbox 642 1425 711 1484; x_wconf 88' lang='lat' dir='ltr'>dum</span> <span class='ocrx_word' id='word_1_49' title='bbox 730 1425 855 1498; x_wconf 79' lang='lat' dir='ltr'>abesset,</span> <span class='ocrx_word' id='word_1_50' title='bbox 875 1426 1013 1506; x_wconf 81' lang='lat' dir='ltr'>supplici-</span> 
     </span>
     <span class='ocr_line' id='line_1_11' title="bbox 319 1506 1012 1585; baseline -0.003 -15"><span class='ocrx_word' id='word_1_51' title='bbox 319 1512 391 1580; x_wconf 87' lang='lat' dir='ltr'><strong>bus,</strong></span> <span class='ocrx_word' id='word_1_52' title='bbox 407 1525 441 1569; x_wconf 87' lang='lat' dir='ltr'>ut</span> <span class='ocrx_word' id='word_1_53' title='bbox 453 1506 713 1567; x_wconf 84' lang='lat' dir='ltr'>Pseudo-Donatus</span> <span class='ocrx_word' id='word_1_54' title='bbox 725 1508 781 1577; x_wconf 88' lang='lat' dir='ltr'>ait,</span> <span class='ocrx_word' id='word_1_55' title='bbox 798 1508 1012 1585; x_wconf 83' lang='lat' dir='ltr'>minacibusque</span> 
     </span>
     <span class='ocr_line' id='line_1_12' title="bbox 320 1585 1013 1670; baseline -0.004 -18"><span class='ocrx_word' id='word_1_56' title='bbox 320 1589 422 1652; x_wconf 84' lang='lat' dir='ltr'>litteris</span> <span class='ocrx_word' id='word_1_57' title='bbox 435 1605 546 1667; x_wconf 82' lang='lat' dir='ltr'>partem</span> <span class='ocrx_word' id='word_1_58' title='bbox 560 1586 695 1646; x_wconf 83' lang='lat' dir='ltr'>AEneidos</span> <span class='ocrx_word' id='word_1_59' title='bbox 707 1586 833 1663; x_wconf 82' lang='lat' dir='ltr'>aliquam</span> <span class='ocrx_word' id='word_1_60' title='bbox 845 1585 980 1670; x_wconf 81' lang='lat' dir='ltr'>efflagitat</span> <span class='ocrx_word' id='word_1_61' title='bbox 994 1587 1013 1650; x_wconf 65' lang='lat'>³</span> 
     </span>
     <span class='ocr_line' id='line_1_13' title="bbox 321 1666 1012 1751; baseline -0.003 -19"><span class='ocrx_word' id='word_1_62' title='bbox 321 1669 471 1751; x_wconf 82' lang='lat' dir='ltr'>Virgilio:</span> <span class='ocrx_word' id='word_1_63' title='bbox 496 1687 552 1726; x_wconf 83' lang='lat' dir='ltr'>nec</span> <span class='ocrx_word' id='word_1_64' title='bbox 570 1667 691 1726; x_wconf 85' lang='lat' dir='ltr'>obtinet.</span> <span class='ocrx_word' id='word_1_65' title='bbox 709 1666 874 1750; x_wconf 69' lang='lat' dir='ltr'>Virgilianae</span> <span class='ocrx_word' id='word_1_66' title='bbox 894 1669 930 1727; x_wconf 88' lang='lat' dir='ltr'>ad</span> <span class='ocrx_word' id='word_1_67' title='bbox 950 1674 1012 1731; x_wconf 84' lang='lat' dir='ltr'>Au-</span> 
     </span>
     <span class='ocr_line' id='line_1_14' title="bbox 321 1745 1012 1835; baseline -0.001 -24"><span class='ocrx_word' id='word_1_68' title='bbox 321 1749 439 1835; x_wconf 82' lang='lat' dir='ltr'>gustum</span> <span class='ocrx_word' id='word_1_69' title='bbox 457 1745 581 1828; x_wconf 72' lang='lat' dir='ltr'>epistole</span> <span class='ocrx_word' id='word_1_70' title='bbox 599 1746 792 1830; x_wconf 86' lang='lat' dir='ltr'>fragmentum</span> <span class='ocrx_word' id='word_1_71' title='bbox 815 1748 921 1828; x_wconf 86' lang='lat' dir='ltr'>profert</span> <span class='ocrx_word' id='word_1_72' title='bbox 943 1755 1012 1810; x_wconf 84' lang='lat' dir='ltr'>Ma-</span> 
     </span>
     <span class='ocr_line' id='line_1_15' title="bbox 321 1829 1011 1914; baseline -0.003 -19"><span class='ocrx_word' id='word_1_73' title='bbox 321 1831 436 1895; x_wconf 79' lang='lat' dir='ltr'>ctobius</span> <span class='ocrx_word' id='word_1_74' title='bbox 457 1832 568 1893; x_wconf 87' lang='lat' dir='ltr'>Saturn.</span> <span class='ocrx_word' id='word_1_75' title='bbox 591 1829 642 1888; x_wconf 85' lang='lat' dir='ltr'>lib.</span> <span class='ocrx_word' id='word_1_76' title='bbox 667 1851 691 1891; x_wconf 86' lang='lat'>1.</span> <span class='ocrx_word' id='word_1_77' title='bbox 712 1850 774 1912; x_wconf 84' lang='lat' dir='ltr'><strong>cap.</strong></span> <span class='ocrx_word' id='word_1_78' title='bbox 794 1829 923 1892; x_wconf 87' lang='lat' dir='ltr'>ultimo:</span> <span class='ocrx_word' id='word_1_79' title='bbox 951 1839 1011 1914; x_wconf 83' lang='lat' dir='ltr'>Ege</span> 
     </span>
     <span class='ocr_line' id='line_1_16' title="bbox 320 1910 1009 1997; baseline 0 -22"><span class='ocrx_word' id='word_1_80' title='bbox 320 1913 388 1977; x_wconf 81' lang='lat' dir='ltr'>vrri</span> <span class='ocrx_word' id='word_1_81' title='bbox 400 1916 565 1995; x_wconf 80' lang='lat' dir='ltr'>frequentes</span> <span class='ocrx_word' id='word_1_82' title='bbox 582 1912 598 1970; x_wconf 84' lang='lat' dir='ltr'>i</span> <span class='ocrx_word' id='word_1_83' title='bbox 617 1930 644 1972; x_wconf 84' lang='lat' dir='ltr'>re</span> <span class='ocrx_word' id='word_1_84' title='bbox 663 1910 776 1972; x_wconf 85' lang='lat' dir='ltr'>litteras</span> <span class='ocrx_word' id='word_1_85' title='bbox 790 1915 899 1997; x_wconf 81' lang='lat' dir='ltr'><em>accipio</em></span> <span class='ocrx_word' id='word_1_86' title='bbox 911 1956 1009 1976; x_wconf 89' lang='grc'><strong>.....</strong></span> 
     </span>
     <span class='ocr_line' id='line_1_17' title="bbox 320 1993 1009 2077; baseline -0.003 -18"><span class='ocrx_word' id='word_1_87' title='bbox 320 2004 365 2059; x_wconf 88' lang='lat' dir='ltr'>De</span> <span class='ocrx_word' id='word_1_88' title='bbox 387 2004 476 2057; x_wconf 84' lang='lat' dir='ltr'>AEnea</span> <span class='ocrx_word' id='word_1_89' title='bbox 496 1995 609 2075; x_wconf 85' lang='lat' dir='ltr'>quidem</span> <span class='ocrx_word' id='word_1_90' title='bbox 630 2015 709 2066; x_wconf 86' lang='lat' dir='ltr'>meo,</span> <span class='ocrx_word' id='word_1_91' title='bbox 720 1993 750 2077; x_wconf 82' lang='lat' dir='ltr'><em>fi</em></span> <span class='ocrx_word' id='word_1_92' title='bbox 769 1994 923 2058; x_wconf 80' lang='lat' dir='ltr'>mehercule</span> <span class='ocrx_word' id='word_1_93' title='bbox 943 2001 1009 2068; x_wconf 84' lang='lat' dir='ltr'>jam</span> 
     </span>
     <span class='ocr_line' id='line_1_18' title="bbox 319 2077 1008 2159; baseline 0 -20"><span class='ocrx_word' id='word_1_94' title='bbox 319 2081 433 2159; x_wconf 78' lang='lat' dir='ltr'>dignum</span> <span class='ocrx_word' id='word_1_95' title='bbox 441 2079 558 2140; x_wconf 79' lang='lat' dir='ltr'>auribus</span> <span class='ocrx_word' id='word_1_96' title='bbox 568 2077 695 2137; x_wconf 80' lang='lat' dir='ltr'>haberem</span> <span class='ocrx_word' id='word_1_97' title='bbox 706 2079 774 2148; x_wconf 84' lang='lat' dir='ltr'>tuis,</span> <span class='ocrx_word' id='word_1_98' title='bbox 785 2077 903 2140; x_wconf 80' lang='lat' dir='ltr'>libenter</span> <span class='ocrx_word' id='word_1_99' title='bbox 913 2080 1008 2139; x_wconf 82' lang='lat' dir='ltr'>mitte-</span> 
     </span>
     <span class='ocr_line' id='line_1_19' title="bbox 318 2157 1009 2241; baseline 0 -21"><span class='ocrx_word' id='word_1_100' title='bbox 318 2180 388 2220; x_wconf 88' lang='lat' dir='ltr'>rem.</span> <span class='ocrx_word' id='word_1_101' title='bbox 408 2161 543 2220; x_wconf 82' lang='lat' dir='ltr'>Sedtanra</span> <span class='ocrx_word' id='word_1_102' title='bbox 554 2158 681 2217; x_wconf 81' lang='lat' dir='ltr'>inchoata</span> <span class='ocrx_word' id='word_1_103' title='bbox 692 2179 736 2219; x_wconf 89' lang='lat' dir='ltr'>res</span> <span class='ocrx_word' id='word_1_104' title='bbox 748 2157 803 2234; x_wconf 79' lang='lat' dir='ltr'>est,</span> <span class='ocrx_word' id='word_1_105' title='bbox 813 2157 921 2241; x_wconf 76' lang='lat' dir='ltr'>ur‘peni</span> <span class='ocrx_word' id='word_1_106' title='bbox 932 2160 1009 2221; x_wconf 78' lang='lat' dir='ltr'>vitio</span> 
     </span>
     <span class='ocr_line' id='line_1_20' title="bbox 320 2238 1008 2321; baseline 0.003 -21"><span class='ocrx_word' id='word_1_107' title='bbox 320 2241 423 2301; x_wconf 83' lang='lat' dir='ltr'>mereris</span> <span class='ocrx_word' id='word_1_108' title='bbox 442 2257 549 2298; x_wconf 83' lang='lat' dir='ltr'>tamum</span> <span class='ocrx_word' id='word_1_109' title='bbox 568 2255 634 2321; x_wconf 76' lang='lat' dir='ltr'><em>opus</em></span> <span class='ocrx_word' id='word_1_110' title='bbox 652 2238 785 2320; x_wconf 76' lang='lat' dir='ltr'>ingreffus</span> <span class='ocrx_word' id='word_1_111' title='bbox 805 2242 876 2299; x_wconf 76' lang='lat' dir='ltr'>milri</span> <span class='ocrx_word' id='word_1_112' title='bbox 886 2242 1008 2302; x_wconf 77' lang='lat' dir='ltr'>vilear&#39;e</span> 
     </span>
     <span class='ocr_line' id='line_1_21' title="bbox 319 2319 1007 2404; baseline 0 -21"><span class='ocrx_word' id='word_1_113' title='bbox 319 2323 383 2384; x_wconf 79' lang='lat' dir='ltr'>ciem</span> <span class='ocrx_word' id='word_1_114' title='bbox 400 2319 577 2404; x_wconf 75' lang='lat' dir='ltr'>presertim,</span> <span class='ocrx_word' id='word_1_115' title='bbox 596 2338 628 2399; x_wconf 70' lang='lat' dir='ltr'>ert</span> <span class='ocrx_word' id='word_1_116' title='bbox 641 2320 726 2396; x_wconf 82' lang='lat' dir='ltr'><em>scis,</em></span> <span class='ocrx_word' id='word_1_117' title='bbox 748 2319 807 2382; x_wconf 87' lang='lat' dir='ltr'>alia</span> <span class='ocrx_word' id='word_1_118' title='bbox 827 2342 935 2403; x_wconf 81' lang='lat' dir='ltr'>quoque</span> <span class='ocrx_word' id='word_1_119' title='bbox 943 2320 1007 2399; x_wconf 81' lang='lat' dir='ltr'>stu-</span> 
     </span>
     <span class='ocr_line' id='line_1_22' title="bbox 319 2400 1009 2489; baseline -0.001 -22"><span class='ocrx_word' id='word_1_120' title='bbox 319 2406 370 2467; x_wconf 77' lang='lat' dir='ltr'>dia</span> <span class='ocrx_word' id='word_1_121' title='bbox 398 2407 437 2464; x_wconf 80' lang='lat' dir='ltr'>ad</span> <span class='ocrx_word' id='word_1_122' title='bbox 461 2403 494 2464; x_wconf 75' lang='lat' dir='ltr'>il</span> <span class='ocrx_word' id='word_1_123' title='bbox 515 2418 611 2486; x_wconf 76' lang='lat' dir='ltr'><em>opus,</em></span> <span class='ocrx_word' id='word_1_124' title='bbox 641 2400 783 2486; x_wconf 79' lang='lat' dir='ltr'>multoque</span> <span class='ocrx_word' id='word_1_125' title='bbox 808 2405 918 2489; x_wconf 81' lang='lat' dir='ltr'>potiora</span> <span class='ocrx_word' id='word_1_126' title='bbox 948 2405 1009 2466; x_wconf 80' lang='lat' dir='ltr'>im·</span> 
     </span>
     <span class='ocr_line' id='line_1_23' title="bbox 316 2503 440 2575; baseline 0.032 -27"><span class='ocrx_word' id='word_1_127' title='bbox 316 2503 440 2575; x_wconf 67' lang='lat' dir='ltr'>partiar.</span> 
     </span>
    </p>
   </div>
   <div class='ocr_carea' id='block_1_5' title="bbox 0 0 1338 3809">
    <p class='ocr_par' dir='ltr' id='par_1_8' title="bbox 0 0 1338 3809">
     <span class='ocr_line' id='line_1_24' title="bbox 0 0 1338 3809; baseline 0 0"><span class='ocrx_word' id='word_1_128' title='bbox 0 0 1338 3809; x_wconf 95' lang='lat' dir='ltr'> </span> 
     </span>
    </p>
   </div>
  </div>
 </body>
</html>
