2667 3809
401 530 616 610 m'Auouls
645 544 887 605 fflsroum.
912 520 1009 609 xlxiii

338 700 439 765 'elnnus
446 703 486 763 U.
496 702 537 762 C.
547 721 617 768 710.
625 702 742 781 Augusti
752 723 799 760 20.
809 701 929 782 Virgilii
939 713 988 776 27.¹

415 798 851 866 C.JU-1.1USCAESAR
873 801 912 862 V.

411 895 453 951 M.
477 890 792 952 ANTONIUS.

425 1001 504 1060 AEsar
514 999 724 1077 expeditionem
737 998 875 1058 destinans
885 997 919 1058 ‘in
938 999 1011 1058 Par-¹
1037 992 1041 997 ’

424 1079 516 1150 thos,
542 1081 697 1142 Otiavium
719 1079 861 1159 praemittit
885 1079 1012 1160 Apollo-

323 1160 410 1220 niam.
431 1162 476 1220 Ibi
491 1160 563 1233 ille,
587 1161 655 1221 dum
673 1160 769 1220 studiis
791 1177 903 1231 vacat,
930 1159 1010 1219 audit
1065 1168 1070 1175 '

322 1240 464 1302 Caefirem
472 1242 502 1301 in
512 1245 616 1302 Senatu
624 1241 750 1302 occisum
759 1239 814 1302 esse
824 1241 921 1301 Idibus
931 1245 1009 1300 Mar-

321 1319 381 1391 tiis,
394 1321 421 1381 se
434 1323 470 1380 ab
483 1342 518 1381 eo
530 1322 558 1381 in
569 1320 715 1383 nomen'&
725 1323 864 1382 familiam
886 1321 1009 1401 adopta·

320 1417 393 1461 tum.
403 1404 526 1462 Romam
537 1402 621 1462 rediit
634 1425 641 1460 :
657 1401 702 1462 sed
714 1403 876 1464 adversante
889 1406 930 1461 M.
942 1404 1008 1461 An«

321 1480 403 1540 tonio
424 1481 580 1554 Consule,
603 1481 733 1565 adjungit
755 1483 782 1542 se
801 1483 1005 1563 optimatibus,

322 1580 394 1638 quos
405 1560 432 1619 ei
441 1561 561 1620 infensos
573 1562 687 1622 sciebat.

346 1677 444 1730 Annus
453 1671 492 1730 U.
503 1670 542 1732 C.
551 1690 586 1741 71
597 1691 622 1728 1.
632 1669 751 1751 Augusti
761 1689 800 1727 ιι.
809 1667 929 1748 Virgilii
940 1672 988 1726 28.
1020 1688 1022 1693 ⁴

421 1763 464 1829 C.
486 1762 684 1822 VIBIUS
709 1758 902 1839 PANSA.

413 1853 452 1912 A.
475 1853 715 1912 HIRTIUS.

419 1955 541 2018 Ctavius
551 1955 671 2016 mittitur
689 1976 757 2017 cum
766 1952 940 2014 Consulibus
954 1948 1008 2008 ad-

421 2036 517 2097 versus
529 2041 571 2095 M.
587 2036 765 2107 Antonium,
778 2034 826 2112 qui
846 2031 1004 2093 Decimum

321 2117 442 2174 Brutum
456 2116 573 2176 Mutinae
584 2115 721 2177 obsessum
735 2116 859 2175 tenebat.
871 2111 1003 2174 Solvitur

320 2193 429 2253 obfidio
440 2215 449 2252 t
462 2197 604 2255 Consules
615 2212 711 2256 tamen
723 2195 803 2256 bello
817 2208 944 2271 pereunt.
960 2188 1004 2248 Fit

320 2294 455 2356 agrorum
466 2275 561 2352 aliqua
572 2275 645 2336 inter
655 2275 758 2335 milites
768 2271 866 2333 diviso
876 2291 927 2349 per
936 2271 1003 2360 Dt-

319 2355 482 2430 cemviros,
502 2356 533 2415 in
545 2354 647 2432 quibus
659 2371 718 2417 etat
730 2354 846 2415 Cicero.
864 2351 1002 2410 Oitavtus

318 2431 425 2496 armati
443 2457 531 2496 manu
550 2439 674 2496 Romam
693 2432 845 2517 ingressus,
856 2428 1008 2497 Consula·‚

318 2532 380 2576 tum
391 2534 506 2577 mortuo
518 2515 605 2578 Pausi
616 2534 686 2577 tunc
702 2535 845 2584 vacuum,
855 2513 889 2572 ab
908 2509 1000 2572 invito

318 2597 423 2656 Senatu
433 2612 588 2675 extorquet
605 2617 650 2667 ¹4·
660 2597 723 2657 Kal.
732 2595 873 2676 Septemb.
883 2591 932 2652 seu
950 2611 961 2650 ι
965 2612 998 2661 9.

320 2674 460 2757 Augusti,
473 2695 538 2738 ante
554 2699 661 2739 annum
672 2676 756 2738 aetatis
769 2673 935 2758 vigefimum
946 2691 999 2733 ex-

320 2755 441 2835 pletum.
453 2757 530 2817 Inito
541 2759 697 2819 Consulatu
705 2757 798 2818 statim
815 2756 845 2814 in
855 2773 961 2813 nomen
970 2757 998 2811 δι

321 2837 398 2898 bona
415 2837 528 2909 Caesaris
537 2838 603 2924 lege
619 2837 740 2914 ttanfiit,
761 2833 933 2916 uocatusque
956 2829 999 2895 ost
