2667 3809
343 509 383 564 irv
488 495 883 568 EDITORIS

347 683 598 788 elegantiffimus
628 686 683 763 ille
707 691 886 784 'Musarum
919 695 1031 761 Ama·

338 801 431 895 stus,
447 827 483 876 ut
500 830 576 876 eum
592 828 693 878 vocat
716 803 892 888 Norisius,
918 810 971 897 (a)
993 811 1030 878 &

347 916 521 985 Pob'tarum
550 918 775 1001 Latinorum,
805 941 842 990 ut
876 915 895 990 ὲ
929 915 1033 988 Bent-

349 1023 417 1098 leio
434 1025 483 1120 (b)
497 1025 618 1100 dicitur
631 1079 640 1112 ,
655 1029 834 1128 Sospitator
846 1029 957 1100 unicus
971 1024 1035 1097 Ni-

348 1136 462 1208 colaus
483 1135 637 1210 Heinsius
649 1190 659 1222 ‚
671 1137 822 1212 Danielis
834 1138 918 1212 iilius
931 1197 939 1224 ,
952 1138 1008 1236 qni
1022 1186 1034 1221 ‚

349 1249 398 1320 nti
432 1245 548 1345 praesto
575 1246 676 1320 essent
708 1247 862 1321 omnibus
891 1246 1035 1347 Vergilii

349 1349 1036 1457 Po'e'mataoptimeemendttt,nonsolim

352 1468 538 1566 Scriptores
548 1469 599 1539 rei
618 1468 874 1552 Grammaticae,
890 1465 1036 1567 aliosque

352 1605 466 1655 omnes
481 1603 525 1652 ex
545 1581 685 1679 antiquis
698 1578 823 1653 Latinis
840 1579 873 1650 in
893 1576 1037 1652 Marone

350 1690 538 1766 illustrando
555 1714 740 1789 occupatos
765 1740 776 1775 ‚
802 1710 858 1762 aut
880 1690 936 1789 qui
961 1713 1037 1763 eunt
1111 1692 1112 1695 ’

352 1807 510 1881 adhibent
527 1805 664 1884 testem,
691 1805 842 1907 diligenti
864 1829 902 1878 ac
926 1803 1038 1880 sedula

353 1917 455 2015 operi
465 1915 627 1990 consuluit
639 1966 649 2001 ,
659 1914 716 1990 sed
730 1918 828 1990 etiam
843 1916 976 2015 triginta
984 1913 1038 1988 fe·

352 2022 389 2095 te
404 2022 506 2094 Mss.
518 2020 680 2104 Codices,
691 2022 849 2122 illumque
859 2021 1037 2122 precipui,

354 2136 412 2232 qui
434 2135 474 2205 ab
490 2158 533 2207 eo
551 2136 633 2207 tanti
647 2130 693 2205 est
712 2133 842 2206 habitus
860 2182 870 2217 ‚
893 2156 929 2207 ut
945 2132 1039 2206 dice·

356 2267 446 2317 retur
476 2245 551 2335 (c):
577 2243 685 2314 Codex
710 2241 798 2341 longe
826 2239 1040 2340 prestantiffi-

353 2383 422 2428 mus
441 2405 450 2432 ‚
468 2377 565 2450 atque
580 2381 660 2426 unus
679 2353 780 2444 instar
800 2358 961 2431 omnium,
985 2358 1041 2450 qni

348 2491 464 2566 parem
487 2465 642 2556 vetustae
667 2468 791 2538 nullum
800 2488 860 2562 per
874 2467 1040 2563 Europam

355 2575 537 2670 universam
575 2606 658 2650 nunc
685 2579 816 2656 habet,
846 2577 1039 2666 codicem,

392 2801 424 2866 [αἱ
443 2807 565 2871 centoph.
581 2806 823 2863 nisan.diss.1v.§.
843 2823 869 2858 2.

393 2867 424 2934 ibt
445 2875 594 2925 comment.
610 2874 638 2925 iu
649 2877 716 2926 Hot-
728 2887 785 2943 9²8·
805 2888 853 2938 52·

391 2933 423 3000 (cl
439 2936 470 2988 ln
482 2938 555 2994 Psaef·
