2667 3809
320 421 412 513 axviij
452 432 647 489 ‚ruam
677 430 909 488 Vrnorm
935 437 944 444 ‘¹

319 606 356 647 oa
370 583 481 666 possunt
498 583 599 648 videri.
618 589 667 648 De
687 587 749 647 Cirr‘
761 594 788 649 &
803 585 898 650 Colice
912 582 1012 670 major

318 667 359 727 est
376 667 577 728 controversa.

318 784 322 801 .
359 749 407 807 Ac
425 747 543 831 Virgilii
563 745 679 826 quidem
700 743 754 806 elle
774 744 833 807 hoc
853 762 1010 824 utrumque

318 828 491 907 opusculum
509 829 650 888 suaserunt
669 826 765 887 multis
777 826 872 887 versus
886 827 1012 904 utrique

318 911 482 988 complures
490 908 669 988 aspersr‚qui
679 908 709 966 in
718 907 902 989 Georgicis&
912 907 1010 966 AEnei·

270 1046 273 1052 .
319 989 375 1059 de,
387 1006 436 1048 aut
446 988 533 1048 iidem
547 986 692 1058 omnino,
712 1003 761 1046 aut
780 987 868 1066 paulo
887 1007 1009 1047 accura-

299 1065 370 1149 ‚rins
391 1068 485 1128 limati
508 1067 695 1147 reperiuntur.
714 1071 783 1126 Non
804 1065 858 1127 esse
877 1086 1009 1138 autema
1049 1098 1051 1102 Α

318 1146 389 1207 mihi
417 1148 565 1228 persuadet
587 1147 675 1227 stylus
696 1147 806 1208 enervis
833 1169 869 1208 ac
888 1167 1007 1230 vagus,

318 1227 436 1291 obscura
447 1227 604 1298 sententia,
622 1227 734 1288 numeri
756 1225 901 1287 dissoluti:
924 1247 1007 1308 ptor-

318 1305 362 1370 sits
374 1324 406 1368 ut
415 1310 464 1387 qui
474 1326 534 1368 tam
546 1307 656 1368 sordide
668 1307 787 1367 humilis
799 1307 853 1367 fuit
867 1349 878 1380 ,
893 1328 951 1367 non
961 1307 1014 1368 vi?

318 1389 418 1448 deatur
431 1387 548 1470 potuisse
559 1410 685 1466 unquam
695 1388 730 1448 ad
741 1387 916 1468 perspicuam
924 1388 1007 1451 illam

318 1470 524 1531 Bucolicorum
549 1470 725 1540 lenitatem,
749 1467 844 1530 multi>
869 1465 959 1529 minis
969 1467 1006 1528 ad

317 1551 491 1629 splendidam
512 1551 645 1612 AEneidos
657 1548 834 1689 magestatem
851 1546 1004 1689 assurgere.

317 1634 396 1692 Bene
419 1632 533 1708 quidem
552 1631 679 1713 Scaliger
724 1629 798 1690 lsum
811 1629 916 1690 demon
940 1645 1008 1700 rat,

317 1709 347 1772 id
367 1710 445 1787 quod
463 1711 494 1770 in
510 1710 571 1770 vita
588 1709 704 1792 Virgilii
724 1709 854 1792 legitur,
875 1707 1007 1791 scripsisse

318 1792 478 1861 Culicem,
503 1790 677 1868 quicumque
700 1793 812 1850 tandem
838 1791 926 1852 culex
953 1791 1008 1850 ille

317 1869 351 1930 sit
364 1911 374 1940 ,
385 1891 474 1930 annos
493 1870 658 1947 quindecim
678 1888 787 1931 natum.
802 1869 922 1951 Quippe
941 1873 1008 1935 Sta-

319 1949 375 2011 tius
400 1949 430 2011 in
451 1950 642 2012 Genethliaco
662 1950 770 2012 lucani
787 1991 798 2022 ,
817 1947 906 2029 Sylv.
927 1949 950 2010 l.
976 1973 1005 2010 2.

318 2052 348 2093 v.
366 2052 416 2103 74.
436 2031 551 2092 testatur
569 2036 717 2092 Lucanum
731 2029 859 2110 scripisse
883 2030 1004 2098 Pharsa-

318 2112 407 2187 liam,
421 2133 484 2175 ante
495 2134 580 2174 annos
592 2112 698 2175 Culicis
711 2113 882 2176 Maronians.
894 2117 932 2173 'At
945 2111 1005 2176 Lu·

319 2215 405 2255 canus
425 2193 488 2274 post
509 2194 600 2254 multa
622 2214 709 2274 opera
727 2193 860 2253 ultimam
877 2191 1005 2253 condidit

319 2273 509 2345 Pharsaliam,
527 2293 646 2350 eamque
657 2294 761 2356 magna
782 2288 917 2352 exparte
937 2271 1003 2333 ine-

320 2353 481 2412 mendatam
499 2352 613 2429 reliquit
626 2394 637 2425 ,
650 2374 726 2414 anno
740 2374 799 2431 quo
821 2369 949 2417 mortuus
964 2351 1007 2415 est

320 2432 406 2492 artatis
414 2430 552 2513 vigesimo
562 2432 693 2511 septimo.
705 2434 788 2493 Addo
799 2453 857 2516 ego
865 2433 1006 2496 Culicem

321 2509 420 2582 hunc,
443 2530 531 2589 quem
550 2511 713 2585 habemus,
736 2514 860 2576 Ostavio
881 2512 1008 2576 dicatum

321 2586 387 2649 esse.
413 2593 454 2649 At
477 2590 613 2651 octavius
635 2610 726 2664 tum,
748 2614 816 2654 cum
838 2596 1009 2661 numerabat

322 2669 462 2754 Virgilius
482 2691 588 2732 annum
608 2671 755 2733 decimum
776 2673 930 2753 quintum,
947 2675 1010 2756 ipse

321 2767 435 2818 uantum
449 2753 582 2816 odarum
592 2750 742 2836 attigerat:
757 2753 821 2834 qud
832 2770 933 2831 aetate,
949 2777 1009 2823 nec
