2667 3809
484 454 915 533 PRAEFATIO.
998 450 1039 531 ἱῐ

349 647 510 724 molestiae
527 678 565 724 ac
578 651 696 725 fastidii
712 672 779 724 non
796 674 861 720 una
871 672 923 720 res
939 645 1040 720 nobis

350 763 520 858 pepererit
544 812 560 847 ,f
580 762 678 835 facile
696 760 859 856 intelliget
890 759 1038 858 quisquis

354 874 390 943 in
403 871 532 957 eadem,
545 872 610 971 qul
627 898 701 956 nos,
719 868 864 970 palaestra
873 867 969 942 luerit
981 870 1039 943 ali·

357 985 502 1083 quandiu
517 989 726 1061 exercitatus.
745 982 871 1059 Verlun
883 1007 944 1055 nec
961 1005 1044 1080 ope-

357 1123 402 1173 rae
425 1125 486 1173 nec
516 1099 606 1174 taedii
635 1102 777 1197 poenitet
798 1147 810 1182 ,
833 1096 937 1172 modb
960 1121 1044 1195 pro-

353 1207 494 1306 positum
540 1208 673 1282 allocuti
716 1208 893 1307 diligentil
933 1203 1048 1280 nostri

354 1324 502 1397 nonnihil
542 1324 694 1422 prodelle
728 1323 884 1423 pellimus
914 1320 1044 1397 lludio-

357 1430 398 1503 fis
428 1429 600 1504 Musarum·
627 1430 838 1504 cultoribus:
860 1453 968 1528 neque
987 1426 1044 1502 id-

348 1542 452 1613 'circo
477 1538 663 1612 dubitamus
688 1539 762 1612 fore
784 1539 959 1613 nonnullos
985 1539 1046 1636 qui

356 1646 500 1722 nostram
522 1649 606 1721 hanc
634 1646 778 1746 opellam
804 1670 959 1745 caperato
993 1644 1047 1717 su³

356 1758 494 1859 petellio
516 1759 755 1859 aspernentur,
794 1768 831 1836 &
865 1756 907 1831 ad
934 1755 1047 1830 Philo·

358 1874 491 1974 logicos
520 1875 748 1974 exploratores
777 1901 839 1950 nos
869 1875 1047 1974 nostraque

360 1982 545 2055 amandent.
570 1985 626 2056 Ne
658 1985 706 2058 isti
733 1986 846 2060 saltem
868 2009 1047 2088 graventur

360 2102 518 2174 eximium
532 2101 653 2176 habere
670 2104 850 2195 Nicolaum
872 2103 1047 2178 Heinlium

360 2209 380 2283 ὲ
406 2206 577 2302 cujusfide
600 2234 669 2282 non
688 2237 797 2309 pauca
823 2209 1047 2295 restituimus,

361 2317 437 2392 clm
453 2316 507 2391 ille
528 2317 729 2393 novillimaro
756 2318 887 2419 Virgilii
910 2318 958 2394 sui
979 2319 1050 2395 edi·

361 2429 489 2504 tionem
511 2451 555 2499 ert
576 2427 683 2522 MSS.
711 2430 845 2529 triginta
860 2453 1049 2505 contexue-

362 2541 417 2629 rit
429 2539 712 2638 SedFogginium
722 2540 764 2615 de
776 2542 916 2618 Heinlio
934 2542 1048 2622 nostro

359 2653 554 2755 loquentem
574 2655 752 2731 audiamus.

415 2863 645 2969 Quamobrem
667 2863 849 2944 laudandus
879 2890 972 2944 certe
1002 2865 1050 2957 est
