2667 3809
318 386 381 452 xliv
433 396 870 461 PUBLHVIRGILI'I

340 551 485 610 AnnusU.
493 552 610 625 0:718.
618 556 737 638 Augusti
745 564 791 618 ιδ.
800 552 919 636 Virgilii
930 551 985 629 350‘

366 643 400 701 I..
425 644 634 708 GELLIUS
659 647 962 710 POPLICOLA.

374 739 419 796 Μ.
443 738 681 802 COCCEIUS
717 743 884 803 NERVA.

389 848 545 929 Pompeius
563 851 598 909 ab
618 849 780 911 Ostaviano
801 847 895 911 navali
910 839 1008 929 pugni

379 928 536 993 ‚vincitun
558 928 731 989 Oihvianus
754 929 857 991 divinis
882 927 1006 988 honori-

318 1007 372 1065 bus
391 1008 450 1068 coli
474 1028 550 1068 nunc
571 1004 694 1085 primam
711 1006 836 1087 incipit:
864 1026 897 1067 ut
919 1008 1007 1067 habet

318 1086 469 1162 Appianas
488 1086 539 1144 lib.
566 1105 591 1157 5.
616 1085 706 1145 civil.
731 1094 776 1146 Μ.
796 1085 940 1147 Antonius
953 1130 963 1154 ‚
976 1103 1008 1145 re

318 1162 450 1224 adversus
469 1162 588 1224 Parthos
610 1163 689 1227 mali
718 1164 795 1247 gesti
818 1165 950 1227 concedit
975 1166 1006 1223 in
1056 1161 1059 1205 ἶ

318 1245 477 1322 AEgyptum
491 1242 526 1303 ad
542 1245 752 1327 Cleopatram,
768 1246 817 1309 ubi
834 1244 956 1307 seluxui
978 1251 1006 1304 &
1047 1246 1051 1258 '

316 1322 513 1402 ¹voluptatibus
525 1326 618 1388 tradit.

339 1441 436 1498 Annus
444 1439 483 1499 U.
495 1442 533 1501 C.
545 1439 735 1523 719.Augusti
746 1458 794 1509 29.
804 1436 924 1521 Virgilii
936 1443 984 1518 3⁶·

421 1537 456 1594 L.
488 1537 898 1602 CORNIFICIUS.

426 1626 876 1694 s.POM1²E1USer.F.

326 1750 330 1755 ’
389 1739 546 1819 Pompeius
570 1736 639 1821 fugi
662 1741 691 1802 rb
723 1740 824 1819 recipit
846 1740 882 1800 ad
915 1741 1011 1798 Anto-

380 1820 499 1893 .nium,
510 1821 623 1903 ejusque
641 1819 715 1899 juffu
732 1821 761 1880 in
779 1819 905 1902 Phrygia
926 1816 1009 1876 occi-

320 1904 398 1963 ditur
409 1901 426 1963 ὲ
438 1900 528 1963 Titio.
547 1900 722 1964 octavianus
733 1900 824 1964 ridor
834 1902 909 1961 inter
930 1898 1013 1956 Deos

320 1984 458 2045 tutelares
482 1980 639 2063 oppidatim
650 1983 848 2054 consecratur,
870 1978 935 2043 ciam
953 1976 1014 2055 jam

321 2084 411 2157 armos
426 2060 649 2205 zfibexegiffet,
669 2079 703 2131 ut
723 2065 809 2128 habet
828 2061 929 2127 diserti
948 2061 1013 2141 Ap-

343 2164 435 2210 ranus¹
484 2164 533 2216 .5.
570 2190 573 2193 ⁴
982 2177 985 2184 ,

321 2167 510 2303 PQuicquid
537 2245 607 2307 ergo
632 2223 762 2287 haiienirs
785 2223 820 2282 de
850 2220 1012 2283 Divinitate

322 2303 478 2366 Okiaviani
498 2307 575 2385 apud
586 2305 742 2387 Virgilium
757 2298 922 2382 reperitur,
932 2300 961 2359 id
976 2303 1013 2359 ab

321 2403 360 2444 eo
375 2384 484 2446 dicium
497 2426 507 2455 ‚
520 2401 568 2445 aut
580 2404 631 2463 per
642 2383 856 2449 adulationem,
875 2396 925 2441 aut
946 2378 1014 2456 quia

321 2465 382 2547 jam
404 2464 470 2524 inde
479 2466 514 2525 ab
526 2485 601 2527 anno
614 2485 647 2535 7¹
656 2483 685 2528 2.
697 2466 774 2537 Divi
799 2461 870 2531 Julii
881 2460 910 2524 se
921 2460 1014 2523 filium

322 2545 496 2628 appellabat.
