2667 3809
365 433 425 491 ις,
481 422 660 479 turris
691 399 926 484 virture-ri

361 562 446 617 Ardet
458 577 565 625 mente,
581 567 642 617 furit
654 566 796 619 stridoribus
807 596 816 628 ,
829 569 927 618 intonat
938 580 982 615 ure
995 575 1006 612 r

360 645 483 701 Pluribus
495 650 585 703 everfis
597 666 727 715 torquetur
737 652 848 716 corporis
860 649 927 702 orbis
939 665 948 698 r

361 726 469 779 Manant
481 726 619 797 sanguineae
630 747 674 797 per
686 730 777 782 nauus
789 730 900 793 und-ique
912 740 986 795 guttur
1000 738 1008 772 τ

361 807 496 870 spiritibus
510 811 605 874 rumpit
618 812 700 861 faucea
711 826 720 858 e
733 809 772 860 cui
783 809 872 861 cm&
882 806 979 873 paranti

362 891 483 945 Paruulus
492 895 559 945 hunc
566 895 633 959 prior
640 892 755 947 immonis
764 906 891 943 conterret
897 893 1011 941 alumnus
1018 895 1032 948 ⁴,

360 968 398 1022 Et
405 985 516 1023 mortem
523 974 698 1024 vitaremonet
705 985 749 1033 per
756 970 871 1021 acumina
879 988 887 1018 r
896 982 1004 1030 namque

361 1050 421 1111 Qua
431 1048 536 1101 dedudia
546 1066 622 1117 genas
630 1048 770 1115 pandebant
777 1052 874 1102 lumina
884 1049 993 1115 gemmis
1005 1078 1015 1109 ,

361 1127 420 1177 Hac
432 1125 536 1178 senioris
548 1144 601 1180 erat
614 1143 706 1179 naturae
717 1130 806 1193 pupuli
819 1131 872 1180 telo

361 1203 416 1253 ista
426 1205 479 1255 levi
492 1222 500 1255 r
514 1220 570 1257 tum
582 1206 695 1271 prosiluit
707 1204 871 1275 furibundus,
885 1206 912 1256 u
923 1204 1002 1271 illum
1112 1227 1118 1238 ·

361 1276 497 1331 Obtrirum
509 1283 589 1333 morti
601 1281 671 1334 misit
682 1300 691 1333 t
703 1282 744 1332 cui
757 1281 850 1333 dirutus
863 1280 948 1332 omnir

360 1367 469 1432 Spiritus
481 1370 581 1422 exceffit
594 1368 675 1423 sensus
688 1387 696 1419 r
710 1357 766 1421 tum
776 1382 850 1420 torva
861 1380 993 1420 tenentem

362 1447 477 1500 Lumina
488 1447 597 1514 respexit
609 1449 750 1515 serpentem
761 1448 875 1500 cuminus
889 1463 898 1497 r
908 1446 969 1498 inde

364 1526 498 1593 Impiger,
514 1528 659 1590 exarrimir,
675 1530 723 1582 vix
732 1543 834 1593 compos
845 1541 931 1579 mente
941 1525 1034 1591 refugit
1048 1549 1059 1586 3

361 1605 398 1657 Et
409 1607 523 1662 validum
537 1606 628 1660 dextra
640 1623 757 1661 truncum
769 1607 879 1659 detraxit
889 1605 919 1659 ab
931 1623 995 1658 orno
1008 1624 1016 1656 z

362 1688 419 1751 Qui
431 1687 496 1740 casus
507 1688 613 1741 sociaret
625 1680 721 1754 opem,
734 1703 861 1740 numeuvc
873 1690 1000 1740 Deorum.

362 1770 485 1831 Namque
495 1772 538 1820 ilii
549 1770 681 1822 dederitne
694 1772 763 1822 viam
776 1770 873 1823 casusve
883 1770 1003 1830 Deusve‚

363 1843 476 1898 Prodere
487 1842 518 1896 fit
528 1844 633 1896 dubium
645 1865 652 1897 ε
667 1848 750 1899 voluit
761 1846 917 1897 sedvincete
929 1848 1001 1898 tales.

363 1922 478 1975 Horrida
490 1923 610 1987 squamosi
623 1925 754 1976 volventia
766 1923 881 1975 membra
892 1924 1027 1987 draconis,

364 2006 454 2065 Atque
466 2004 609 2055 neruumtis
622 2004 714 2057 crebris
727 2003 841 2066 sordeque
854 2005 963 2069 petentis

365 2078 518 2133 luibusussa
526 2083 604 2144 ierit,
614 2083 775 2150 cinguntqua
784 2096 896 2146 tempora
906 2084 1000 2133 cristam
1010 2101 1020 2147 3

365 2161 401 2210 Et
415 2158 482 2221 quod
496 2175 549 2211 etat
560 2161 643 2212 tardus
654 2193 664 2222 ‚
677 2161 750 2212 omni
762 2162 882 2225 languore
894 2176 1013 2223 remoto,

366 2234 494 2298 Nescius,
508 2236 625 2302 aspicient
638 2270 647 2299 ‚
663 2239 741 2289 timor
754 2235 919 2287 obcaecaverat
931 2251 995 2289 artur
1008 2256 1015 2287 ε

366 2314 426 2364 Hoc
440 2312 524 2363 minus
535 2314 664 2377 implicuit
677 2313 734 2369 dira¹
747 2311 885 2362 formidine
897 2326 1021 2365 mentem.
1063 2378 1065 2382 v

369 2394 456 2455 Qem
468 2389 593 2455 postquam
604 2392 673 2442 vidit
685 2380 777 2442 caesum¹
787 2388 944 2454 languescere
959 2419 968 2451 ‚
985 2390 1064 2450 sedit.

370 2473 428 2526 Jam
435 2470 531 2532 quatit,
550 2468 679 2535 &biiuges
687 2469 770 2519 oriens
777 2466 857 2518 Erebo
864 2468 980 2530 citequos
989 2488 1043 2526 uox
1050 2490 1065 2551 2·

371 2552 406 2602 Et
417 2549 487 2615 piger
501 2561 584 2598 aurato
597 2546 709 2612 procedit
721 2543 817 2609 Vesper
830 2541 859 2593 ab
872 2542 928 2596 OEti
941 2563 949 2596 r

372 2631 441 2680 Cum
449 2638 524 2693 grege
533 2622 660 2689 compulsu
667 2624 745 2689 pastor
752 2618 933 2686 duplicantibue
940 2623 1038 2676 umbris

371 2704 454 2757 vadit
467 2733 476 2765 ‚
489 2702 627 2754 &inferus
636 2702 749 2765 requiem
756 2698 946 2763 datecomparnr
954 2716 1030 2759 artus.

376 2780 453 2845 euius
466 2794 493 2836 ut
506 2780 611 2841 intravit
623 2783 706 2837 letior
717 2795 761 2848 per
772 2776 1010 2845 certioremur,
