<?xml version="1.0" encoding="UTF-8"?>
<!DOCTYPE html PUBLIC "-//W3C//DTD XHTML 1.0 Transitional//EN"
    "http://www.w3.org/TR/xhtml1/DTD/xhtml1-transitional.dtd">
<html xmlns="http://www.w3.org/1999/xhtml" xml:lang="en" lang="en">
 <head>
  <title>
</title>
<meta http-equiv="Content-Type" content="text/html;charset=utf-8" />
  <meta name='ocr-system' content='tesseract 3.04.00' />
  <meta name='ocr-capabilities' content='ocr_page ocr_carea ocr_par ocr_line ocrx_word'/>
</head>
<body>
  <div class='ocr_page' id='page_1' title='image "./operacurisstudi00virggoog_0062.png"; bbox 0 0 2667 3809; ppageno 0'>
   <div class='ocr_carea' id='block_1_1' title="bbox 366 547 952 630">
    <p class='ocr_par' dir='ltr' id='par_1_1' title="bbox 366 547 952 630">
     <span class='ocr_line' id='line_1_1' title="bbox 366 547 952 630; baseline -0.01 -21"><span class='ocrx_word' id='word_1_1' title='bbox 366 547 421 630; x_wconf 76' lang='lat' dir='ltr'>xlij</span> <span class='ocrx_word' id='word_1_2' title='bbox 486 551 670 606; x_wconf 84' lang='lat' dir='ltr'><em>PUBLII</em></span> <span class='ocrx_word' id='word_1_3' title='bbox 710 550 952 605; x_wconf 79' lang='lat' dir='ltr'><strong><em>VIRGILII</em></strong></span> 
     </span>
    </p>
   </div>
   <div class='ocr_carea' id='block_1_2' title="bbox 365 701 1070 1030">
    <p class='ocr_par' dir='ltr' id='par_1_2' title="bbox 365 701 1070 1030">
     <span class='ocr_line' id='line_1_2' title="bbox 365 701 1070 789; baseline -0.004 -20"><span class='ocrx_word' id='word_1_4' title='bbox 365 712 422 768; x_wconf 72' lang='lat' dir='ltr'>&amp;e</span> <span class='ocrx_word' id='word_1_5' title='bbox 433 703 527 789; x_wconf 83' lang='lat' dir='ltr'>Igitur</span> <span class='ocrx_word' id='word_1_6' title='bbox 546 706 595 765; x_wconf 89' lang='lat' dir='ltr'>sub</span> <span class='ocrx_word' id='word_1_7' title='bbox 608 721 753 765; x_wconf 83' lang='lat' dir='ltr'>extremos</span> <span class='ocrx_word' id='word_1_8' title='bbox 774 702 839 764; x_wconf 87' lang='lat' dir='ltr'>anni</span> <span class='ocrx_word' id='word_1_9' title='bbox 861 703 932 764; x_wconf 88' lang='lat' dir='ltr'>dies.</span> <span class='ocrx_word' id='word_1_10' title='bbox 953 701 1070 768; x_wconf 79' lang='lat' dir='ltr'>Parum</span> 
     </span>
     <span class='ocr_line' id='line_1_3' title="bbox 365 783 1070 867; baseline -0.003 -19"><span class='ocrx_word' id='word_1_11' title='bbox 365 788 442 848; x_wconf 85' lang='lat' dir='ltr'>enim</span> <span class='ocrx_word' id='word_1_12' title='bbox 459 787 524 845; x_wconf 84' lang='lat' dir='ltr'>sana</span> <span class='ocrx_word' id='word_1_13' title='bbox 537 784 630 847; x_wconf 84' lang='lat' dir='ltr'>fuiflet</span> <span class='ocrx_word' id='word_1_14' title='bbox 641 786 693 844; x_wconf 87' lang='lat' dir='ltr'>illa</span> <span class='ocrx_word' id='word_1_15' title='bbox 706 784 791 867; x_wconf 62' lang='lat' dir='ltr'>aetotis</span> <span class='ocrx_word' id='word_1_16' title='bbox 803 804 895 844; x_wconf 82' lang='lat' dir='ltr'>aureae</span> <span class='ocrx_word' id='word_1_17' title='bbox 914 783 1070 864; x_wconf 74' lang='lat' dir='ltr'>promissio</span> 
     </span>
     <span class='ocr_line' id='line_1_4' title="bbox 365 863 1070 937; baseline -0.003 -9"><span class='ocrx_word' id='word_1_18' title='bbox 365 865 553 936; x_wconf 85' lang='lat' dir='ltr'>imminente,</span> <span class='ocrx_word' id='word_1_19' title='bbox 566 882 616 926; x_wconf 89' lang='lat' dir='ltr'>aut</span> <span class='ocrx_word' id='word_1_20' title='bbox 626 863 793 926; x_wconf 81' lang='lat' dir='ltr'>Brundufiui</span> <span class='ocrx_word' id='word_1_21' title='bbox 802 864 873 926; x_wconf 89' lang='lat' dir='ltr'>belli</span> <span class='ocrx_word' id='word_1_22' title='bbox 885 906 895 937; x_wconf 91' lang='lat'>‚</span> <span class='ocrx_word' id='word_1_23' title='bbox 908 880 960 926; x_wconf 88' lang='lat' dir='ltr'>aut</span> <span class='ocrx_word' id='word_1_24' title='bbox 970 866 1070 926; x_wconf 86' lang='lat' dir='ltr'>Pom-</span> 
     </span>
     <span class='ocr_line' id='line_1_5' title="bbox 368 945 1069 1030; baseline -0.003 -23"><span class='ocrx_word' id='word_1_25' title='bbox 368 947 476 1030; x_wconf 80' lang='lat' dir='ltr'>peianae</span> <span class='ocrx_word' id='word_1_26' title='bbox 486 945 567 1006; x_wconf 74' lang='lat' dir='ltr'>famis</span> <span class='ocrx_word' id='word_1_27' title='bbox 580 963 671 1007; x_wconf 85' lang='lat' dir='ltr'>metu·</span> <span class='ocrx_word' id='word_1_28' title='bbox 1065 961 1069 967; x_wconf 82' lang='grc'><strong><em>’</em></strong></span> 
     </span>
    </p>
   </div>
   <div class='ocr_carea' id='block_1_3' title="bbox 391 1051 1050 1314">
    <p class='ocr_par' dir='ltr' id='par_1_3' title="bbox 391 1051 1050 1314">
     <span class='ocr_line' id='line_1_6' title="bbox 391 1051 1050 1144; baseline -0.005 -14"><span class='ocrx_word' id='word_1_29' title='bbox 391 1077 488 1131; x_wconf 83' lang='lat' dir='ltr'>Annus</span> <span class='ocrx_word' id='word_1_30' title='bbox 495 1051 578 1129; x_wconf 49' lang='lat' dir='ltr'>UssC.</span> <span class='ocrx_word' id='word_1_31' title='bbox 587 1061 786 1142; x_wconf 80' lang='lat' dir='ltr'><em>715.Augusti</em></span> <span class='ocrx_word' id='word_1_32' title='bbox 796 1083 843 1136; x_wconf 88' lang='lat'>25.</span> <span class='ocrx_word' id='word_1_33' title='bbox 854 1063 983 1144; x_wconf 78' lang='lat' dir='ltr'><em>Virgilii</em></span> <span class='ocrx_word' id='word_1_34' title='bbox 997 1085 1050 1143; x_wconf 82' lang='lat'>32.</span> 
     </span>
     <span class='ocr_line' id='line_1_7' title="bbox 403 1158 1026 1223; baseline -0.002 -1"><span class='ocrx_word' id='word_1_35' title='bbox 403 1167 441 1223; x_wconf 90' lang='lat' dir='ltr'>L.</span> <span class='ocrx_word' id='word_1_36' title='bbox 460 1159 684 1220; x_wconf 86' lang='lat' dir='ltr'>MARCIUS</span> <span class='ocrx_word' id='word_1_37' title='bbox 699 1158 1026 1221; x_wconf 85' lang='lat' dir='ltr'>CENSORINUS.</span> 
     </span>
     <span class='ocr_line' id='line_1_8' title="bbox 409 1252 970 1314; baseline -0.002 0"><span class='ocrx_word' id='word_1_38' title='bbox 409 1258 449 1314; x_wconf 84' lang='lat' dir='ltr'>C.</span> <span class='ocrx_word' id='word_1_39' title='bbox 468 1253 729 1314; x_wconf 83' lang='lat' dir='ltr'><strong>CALVISIUS</strong></span> <span class='ocrx_word' id='word_1_40' title='bbox 751 1252 970 1314; x_wconf 85' lang='lat' dir='ltr'><strong>SABINUS.</strong></span> 
     </span>
    </p>
   </div>
   <div class='ocr_carea' id='block_1_4' title="bbox 366 1354 1070 2885">
    <p class='ocr_par' dir='ltr' id='par_1_4' title="bbox 368 1354 1070 1580">
     <span class='ocr_line' id='line_1_9' title="bbox 442 1354 1070 1418; baseline 0 -2"><span class='ocrx_word' id='word_1_41' title='bbox 442 1357 526 1416; x_wconf 91' lang='lat' dir='ltr'>Ollio</span> <span class='ocrx_word' id='word_1_42' title='bbox 539 1355 650 1416; x_wconf 88' lang='lat' dir='ltr'>bellum</span> <span class='ocrx_word' id='word_1_43' title='bbox 665 1355 797 1418; x_wconf 85' lang='lat' dir='ltr'>adversus</span> <span class='ocrx_word' id='word_1_44' title='bbox 809 1354 963 1415; x_wconf 83' lang='lat' dir='ltr'>Parthinos</span> <span class='ocrx_word' id='word_1_45' title='bbox 975 1354 1070 1417; x_wconf 87' lang='lat' dir='ltr'>felici-</span> 
     </span>
     <span class='ocr_line' id='line_1_10' title="bbox 443 1434 1068 1520; baseline 0.003 -24"><span class='ocrx_word' id='word_1_46' title='bbox 443 1453 486 1498; x_wconf 86' lang='lat' dir='ltr'>ter</span> <span class='ocrx_word' id='word_1_47' title='bbox 492 1437 571 1520; x_wconf 83' lang='lat' dir='ltr'>gerit</span> <span class='ocrx_word' id='word_1_48' title='bbox 583 1478 593 1507; x_wconf 93' lang='lat'>‚</span> <span class='ocrx_word' id='word_1_49' title='bbox 604 1436 639 1496; x_wconf 90' lang='lat' dir='ltr'>de</span> <span class='ocrx_word' id='word_1_50' title='bbox 653 1436 755 1516; x_wconf 84' lang='lat' dir='ltr'>quibus</span> <span class='ocrx_word' id='word_1_51' title='bbox 769 1434 952 1514; x_wconf 79' lang='lat' dir='ltr'>triumphum</span> <span class='ocrx_word' id='word_1_52' title='bbox 963 1437 1027 1519; x_wconf 84' lang='lat' dir='ltr'>agit</span> <span class='ocrx_word' id='word_1_53' title='bbox 1039 1445 1068 1498; x_wconf 86' lang='lat'>8.</span> 
     </span>
     <span class='ocr_line' id='line_1_11' title="bbox 368 1517 628 1580; baseline -0.015 0"><span class='ocrx_word' id='word_1_54' title='bbox 368 1517 431 1580; x_wconf 77' lang='lat' dir='ltr'><strong>Kal.</strong></span> <span class='ocrx_word' id='word_1_55' title='bbox 443 1517 628 1578; x_wconf 85' lang='lat' dir='ltr'>Novembris.</span> 
     </span>
    </p>

    <p class='ocr_par' dir='ltr' id='par_1_5' title="bbox 367 1593 1069 2077">
     <span class='ocr_line' id='line_1_12' title="bbox 409 1593 1068 1658; baseline -0.002 -1"><span class='ocrx_word' id='word_1_56' title='bbox 409 1600 493 1658; x_wconf 87' lang='lat' dir='ltr'>Dum</span> <span class='ocrx_word' id='word_1_57' title='bbox 503 1597 569 1658; x_wconf 91' lang='lat' dir='ltr'>inde</span> <span class='ocrx_word' id='word_1_58' title='bbox 580 1594 677 1657; x_wconf 86' lang='lat' dir='ltr'>Pollio</span> <span class='ocrx_word' id='word_1_59' title='bbox 690 1596 816 1656; x_wconf 85' lang='lat' dir='ltr'>Romam</span> <span class='ocrx_word' id='word_1_60' title='bbox 828 1593 901 1654; x_wconf 84' lang='lat' dir='ltr'>redit</span> <span class='ocrx_word' id='word_1_61' title='bbox 910 1594 947 1654; x_wconf 83' lang='lat' dir='ltr'>ad</span> <span class='ocrx_word' id='word_1_62' title='bbox 959 1593 1068 1656; x_wconf 84' lang='lat' dir='ltr'>trium-</span> 
     </span>
     <span class='ocr_line' id='line_1_13' title="bbox 368 1674 1069 1759; baseline -0.003 -21"><span class='ocrx_word' id='word_1_63' title='bbox 368 1677 480 1759; x_wconf 82' lang='lat' dir='ltr'>phum,</span> <span class='ocrx_word' id='word_1_64' title='bbox 493 1678 698 1758; x_wconf 86' lang='lat' dir='ltr'>perlustratque</span> <span class='ocrx_word' id='word_1_65' title='bbox 725 1674 824 1736; x_wconf 75' lang='lat' dir='ltr'>illirici</span> <span class='ocrx_word' id='word_1_66' title='bbox 836 1681 863 1733; x_wconf 88' lang='lat'>&amp;</span> <span class='ocrx_word' id='word_1_67' title='bbox 875 1677 1010 1736; x_wconf 85' lang='lat' dir='ltr'>Venetiae</span> <span class='ocrx_word' id='word_1_68' title='bbox 1031 1677 1069 1736; x_wconf 87' lang='lat' dir='ltr'>li-</span> 
     </span>
     <span class='ocr_line' id='line_1_14' title="bbox 367 1757 1068 1840; baseline -0.009 -21"><span class='ocrx_word' id='word_1_69' title='bbox 367 1778 450 1830; x_wconf 83' lang='lat' dir='ltr'>tora,</span> <span class='ocrx_word' id='word_1_70' title='bbox 463 1759 602 1840; x_wconf 86' lang='lat' dir='ltr'>Virgilius</span> <span class='ocrx_word' id='word_1_71' title='bbox 622 1759 764 1837; x_wconf 83' lang='lat' dir='ltr'>Eclogam</span> <span class='ocrx_word' id='word_1_72' title='bbox 783 1757 915 1815; x_wconf 70' lang='lat' dir='ltr'>ostovam</span> <span class='ocrx_word' id='word_1_73' title='bbox 941 1777 1068 1837; x_wconf 57' lang='lat' dir='ltr'>compo,</span> 
     </span>
     <span class='ocr_line' id='line_1_15' title="bbox 369 1835 1069 1919; baseline 0.001 -21"><span class='ocrx_word' id='word_1_74' title='bbox 369 1839 412 1898; x_wconf 88' lang='lat' dir='ltr'>nit</span> <span class='ocrx_word' id='word_1_75' title='bbox 424 1879 434 1908; x_wconf 86' lang='lat'>‚</span> <span class='ocrx_word' id='word_1_76' title='bbox 446 1838 496 1897; x_wconf 92' lang='lat' dir='ltr'>ubi</span> <span class='ocrx_word' id='word_1_77' title='bbox 516 1837 677 1919; x_wconf 86' lang='lat' dir='ltr'>perstringit</span> <span class='ocrx_word' id='word_1_78' title='bbox 691 1837 808 1896; x_wconf 80' lang='lat' dir='ltr'>bellicas</span> <span class='ocrx_word' id='word_1_79' title='bbox 821 1835 883 1917; x_wconf 89' lang='lat' dir='ltr'>ejus</span> <span class='ocrx_word' id='word_1_80' title='bbox 896 1837 1022 1908; x_wconf 81' lang='lat' dir='ltr'>laudes,</span> <span class='ocrx_word' id='word_1_81' title='bbox 1037 1861 1069 1899; x_wconf 80' lang='lat' dir='ltr'>v.</span> 
     </span>
     <span class='ocr_line' id='line_1_16' title="bbox 369 1916 1068 1996; baseline 0.004 -20"><span class='ocrx_word' id='word_1_82' title='bbox 369 1923 439 1976; x_wconf 84' lang='lat' dir='ltr'>6.Tu</span> <span class='ocrx_word' id='word_1_83' title='bbox 449 1920 540 1986; x_wconf 84' lang='lat' dir='ltr'><em>mihi,</em></span> <span class='ocrx_word' id='word_1_84' title='bbox 546 1918 597 1994; x_wconf 81' lang='lat' dir='ltr'>seu</span> <span class='ocrx_word' id='word_1_85' title='bbox 618 1918 713 1996; x_wconf 84' lang='lat' dir='ltr'>magni</span> <span class='ocrx_word' id='word_1_86' title='bbox 717 1916 835 1996; x_wconf 80' lang='lat' dir='ltr'>superas</span> <span class='ocrx_word' id='word_1_87' title='bbox 842 1921 906 1986; x_wconf 84' lang='lat' dir='ltr'>jam</span> <span class='ocrx_word' id='word_1_88' title='bbox 918 1917 992 1993; x_wconf 84' lang='lat' dir='ltr'><em>saxa</em></span> <span class='ocrx_word' id='word_1_89' title='bbox 1016 1922 1068 1978; x_wconf 84' lang='lat' dir='ltr'>Ti-</span> 
     </span>
     <span class='ocr_line' id='line_1_17' title="bbox 367 1996 1066 2077; baseline 0.004 -19"><span class='ocrx_word' id='word_1_90' title='bbox 367 1999 448 2058; x_wconf 80' lang='lat' dir='ltr'>mavi</span> <span class='ocrx_word' id='word_1_91' title='bbox 459 2039 469 2067; x_wconf 94' lang='lat'><em>,</em></span> <span class='ocrx_word' id='word_1_92' title='bbox 474 1997 540 2077; x_wconf 85' lang='lat' dir='ltr'>five</span> <span class='ocrx_word' id='word_1_93' title='bbox 551 2019 626 2058; x_wconf 86' lang='lat' dir='ltr'>oram</span> <span class='ocrx_word' id='word_1_94' title='bbox 637 1996 744 2057; x_wconf 73' lang='lat' dir='ltr'><em>Illirici</em></span> <span class='ocrx_word' id='word_1_95' title='bbox 764 1996 836 2075; x_wconf 80' lang='lat' dir='ltr'><em>legis</em></span> <span class='ocrx_word' id='word_1_96' title='bbox 848 1999 991 2076; x_wconf 75' lang='lat' dir='ltr'>equoris,</span> <span class='ocrx_word' id='word_1_97' title='bbox 1008 2005 1066 2061; x_wconf 67' lang='lat' dir='ltr'>&amp;c-</span> 
     </span>
    </p>

    <p class='ocr_par' dir='ltr' id='par_1_6' title="bbox 366 2079 1067 2885">
     <span class='ocr_line' id='line_1_18' title="bbox 408 2079 1066 2158; baseline 0.009 -23"><span class='ocrx_word' id='word_1_98' title='bbox 408 2080 475 2137; x_wconf 79' lang='lat' dir='ltr'>Neo</span> <span class='ocrx_word' id='word_1_99' title='bbox 487 2080 590 2156; x_wconf 87' lang='lat' dir='ltr'>procul</span> <span class='ocrx_word' id='word_1_100' title='bbox 600 2079 635 2137; x_wconf 86' lang='lat' dir='ltr'>ab</span> <span class='ocrx_word' id='word_1_101' title='bbox 647 2097 683 2136; x_wconf 90' lang='lat' dir='ltr'>eo</span> <span class='ocrx_word' id='word_1_102' title='bbox 702 2095 849 2155; x_wconf 84' lang='lat' dir='ltr'>tempore,</span> <span class='ocrx_word' id='word_1_103' title='bbox 867 2097 976 2158; x_wconf 86' lang='lat' dir='ltr'>nempe</span> <span class='ocrx_word' id='word_1_104' title='bbox 989 2079 1066 2140; x_wconf 81' lang='lat' dir='ltr'>eirca</span> 
     </span>
     <span class='ocr_line' id='line_1_19' title="bbox 367 2155 1066 2237; baseline 0.004 -20"><span class='ocrx_word' id='word_1_105' title='bbox 367 2156 497 2217; x_wconf 88' lang='lat' dir='ltr'>medium</span> <span class='ocrx_word' id='word_1_106' title='bbox 517 2159 697 2228; x_wconf 62' lang='lat' dir='ltr'>octobrem,</span> <span class='ocrx_word' id='word_1_107' title='bbox 718 2157 834 2219; x_wconf 79' lang='lat' dir='ltr'>videtur</span> <span class='ocrx_word' id='word_1_108' title='bbox 853 2156 957 2237; x_wconf 83' lang='lat' dir='ltr'>scripta</span> <span class='ocrx_word' id='word_1_109' title='bbox 977 2155 1066 2220; x_wconf 82' lang='lat' dir='ltr'>etiam</span> 
     </span>
     <span class='ocr_line' id='line_1_20' title="bbox 366 2235 1067 2321; baseline 0.006 -23"><span class='ocrx_word' id='word_1_110' title='bbox 366 2239 419 2299; x_wconf 85' lang='lat' dir='ltr'>illa</span> <span class='ocrx_word' id='word_1_111' title='bbox 431 2280 442 2309; x_wconf 85' lang='lat'>,</span> <span class='ocrx_word' id='word_1_112' title='bbox 455 2260 517 2317; x_wconf 77' lang='lat' dir='ltr'>quae</span> <span class='ocrx_word' id='word_1_113' title='bbox 528 2240 627 2300; x_wconf 87' lang='lat' dir='ltr'>ordine</span> <span class='ocrx_word' id='word_1_114' title='bbox 641 2238 724 2300; x_wconf 83' lang='lat' dir='ltr'>tertia</span> <span class='ocrx_word' id='word_1_115' title='bbox 736 2238 858 2321; x_wconf 85' lang='lat' dir='ltr'>legitur:</span> <span class='ocrx_word' id='word_1_116' title='bbox 872 2235 941 2298; x_wconf 73' lang='lat' dir='ltr'>niun</span> <span class='ocrx_word' id='word_1_117' title='bbox 953 2240 1067 2302; x_wconf 84' lang='lat' dir='ltr'>seilicet</span> 
     </span>
     <span class='ocr_line' id='line_1_21' title="bbox 368 2319 1066 2401; baseline 0.006 -22"><span class='ocrx_word' id='word_1_118' title='bbox 368 2319 490 2379; x_wconf 69' lang='lat' dir='ltr'>viiiimae</span> <span class='ocrx_word' id='word_1_119' title='bbox 504 2327 531 2380; x_wconf 91' lang='lat'>&amp;</span> <span class='ocrx_word' id='word_1_120' title='bbox 542 2321 617 2382; x_wconf 83' lang='lat' dir='ltr'>sacra</span> <span class='ocrx_word' id='word_1_121' title='bbox 636 2319 829 2401; x_wconf 85' lang='lat' dir='ltr'>triumphalia·</span> <span class='ocrx_word' id='word_1_122' title='bbox 842 2330 898 2399; x_wconf 89' lang='lat' dir='ltr'>pro</span> <span class='ocrx_word' id='word_1_123' title='bbox 920 2321 1066 2383; x_wconf 90' lang='lat' dir='ltr'>Pollionis</span> 
     </span>
     <span class='ocr_line' id='line_1_22' title="bbox 368 2400 1066 2480; baseline 0.001 -18"><span class='ocrx_word' id='word_1_124' title='bbox 368 2400 488 2462; x_wconf 63' lang='lat' dir='ltr'>viiioria</span> <span class='ocrx_word' id='word_1_125' title='bbox 498 2419 675 2480; x_wconf 83' lang='lat' dir='ltr'>pararentur.</span> <span class='ocrx_word' id='word_1_126' title='bbox 688 2402 758 2461; x_wconf 73' lang='lat' dir='ltr'>Ideo</span> <span class='ocrx_word' id='word_1_127' title='bbox 780 2400 964 2460; x_wconf 85' lang='lat' dir='ltr'>commendat</span> <span class='ocrx_word' id='word_1_128' title='bbox 983 2402 1066 2463; x_wconf 68' lang='lat' dir='ltr'>Poe-</span> 
     </span>
     <span class='ocr_line' id='line_1_23' title="bbox 369 2480 1066 2560; baseline 0.011 -22"><span class='ocrx_word' id='word_1_129' title='bbox 369 2498 399 2538; x_wconf 75' lang='lat' dir='ltr'>ta</span> <span class='ocrx_word' id='word_1_130' title='bbox 409 2520 419 2551; x_wconf 87' lang='lat'>‚</span> <span class='ocrx_word' id='word_1_131' title='bbox 431 2497 463 2540; x_wconf 91' lang='lat' dir='ltr'>ut</span> <span class='ocrx_word' id='word_1_132' title='bbox 483 2482 568 2542; x_wconf 82' lang='lat' dir='ltr'>vituli</span> <span class='ocrx_word' id='word_1_133' title='bbox 583 2483 714 2558; x_wconf 81' lang='lat' dir='ltr'>taurique</span> <span class='ocrx_word' id='word_1_134' title='bbox 724 2480 851 2541; x_wconf 85' lang='lat' dir='ltr'>Pollioni</span> <span class='ocrx_word' id='word_1_135' title='bbox 870 2480 1023 2560; x_wconf 82' lang='lat' dir='ltr'>pascantur</span> <span class='ocrx_word' id='word_1_136' title='bbox 1034 2505 1066 2546; x_wconf 87' lang='lat' dir='ltr'>v.</span> 
     </span>
     <span class='ocr_line' id='line_1_24' title="bbox 371 2559 1066 2643; baseline 0.009 -26"><span class='ocrx_word' id='word_1_137' title='bbox 371 2567 421 2628; x_wconf 84' lang='lat'>84.</span> <span class='ocrx_word' id='word_1_138' title='bbox 433 2559 524 2620; x_wconf 79' lang='lat' dir='ltr'><em>Pollio</em></span> <span class='ocrx_word' id='word_1_139' title='bbox 534 2582 611 2621; x_wconf 80' lang='lat' dir='ltr'>amat</span> <span class='ocrx_word' id='word_1_140' title='bbox 629 2562 746 2639; x_wconf 48' lang='lat' dir='ltr'>nmirum</span> <span class='ocrx_word' id='word_1_141' title='bbox 759 2606 769 2631; x_wconf 92' lang='lat'>‚</span> <span class='ocrx_word' id='word_1_142' title='bbox 783 2563 917 2642; x_wconf 84' lang='lat' dir='ltr'>quamvis</span> <span class='ocrx_word' id='word_1_143' title='bbox 924 2562 966 2643; x_wconf 83' lang='lat' dir='ltr'>fit</span> <span class='ocrx_word' id='word_1_144' title='bbox 976 2563 1066 2640; x_wconf 54' lang='lat' dir='ltr'><em>rusti*</em></span> 
     </span>
     <span class='ocr_line' id='line_1_25' title="bbox 370 2640 1066 2726; baseline 0.007 -27"><span class='ocrx_word' id='word_1_145' title='bbox 370 2661 425 2708; x_wconf 83' lang='lat' dir='ltr'>ca,</span> <span class='ocrx_word' id='word_1_146' title='bbox 438 2640 565 2716; x_wconf 79' lang='lat' dir='ltr'>Musam:</span> <span class='ocrx_word' id='word_1_147' title='bbox 579 2645 705 2708; x_wconf 79' lang='lat' dir='ltr'>Pierides</span> <span class='ocrx_word' id='word_1_148' title='bbox 716 2686 727 2713; x_wconf 93' lang='lat'>,</span> <span class='ocrx_word' id='word_1_149' title='bbox 745 2641 870 2701; x_wconf 84' lang='lat' dir='ltr'>vitulum</span> <span class='ocrx_word' id='word_1_150' title='bbox 883 2641 987 2703; x_wconf 66' lang='lat' dir='ltr'>leilori</span> <span class='ocrx_word' id='word_1_151' title='bbox 995 2646 1066 2726; x_wconf 80' lang='lat' dir='ltr'><em>pas-</em></span> 
     </span>
     <span class='ocr_line' id='line_1_26' title="bbox 367 2721 1066 2806; baseline 0.009 -26"><span class='ocrx_word' id='word_1_152' title='bbox 367 2722 425 2781; x_wconf 81' lang='lat' dir='ltr'>cite</span> <span class='ocrx_word' id='word_1_153' title='bbox 437 2721 536 2796; x_wconf 77' lang='lat' dir='ltr'>vestro.</span> <span class='ocrx_word' id='word_1_154' title='bbox 548 2721 638 2783; x_wconf 81' lang='lat' dir='ltr'>Pollio</span> <span class='ocrx_word' id='word_1_155' title='bbox 649 2723 685 2788; x_wconf 65' lang='lat' dir='ltr'>ei*</span> <span class='ocrx_word' id='word_1_156' title='bbox 698 2723 755 2806; x_wconf 77' lang='lat' dir='ltr'>ipse</span> <span class='ocrx_word' id='word_1_157' title='bbox 760 2725 837 2804; x_wconf 78' lang='lat' dir='ltr'><em>facit</em></span> <span class='ocrx_word' id='word_1_158' title='bbox 857 2744 931 2782; x_wconf 86' lang='lat' dir='ltr'>nova</span> <span class='ocrx_word' id='word_1_159' title='bbox 953 2730 1066 2786; x_wconf 86' lang='lat' dir='ltr'><em>carmi-</em></span> 
     </span>
     <span class='ocr_line' id='line_1_27' title="bbox 369 2802 1066 2885; baseline 0.007 -23"><span class='ocrx_word' id='word_1_160' title='bbox 369 2822 426 2862; x_wconf 82' lang='lat' dir='ltr'>na.-</span> <span class='ocrx_word' id='word_1_161' title='bbox 442 2802 547 2885; x_wconf 79' lang='lat' dir='ltr'>pascite</span> <span class='ocrx_word' id='word_1_162' title='bbox 560 2823 691 2877; x_wconf 80' lang='lat' dir='ltr'>taurum,</span> <span class='ocrx_word' id='word_1_163' title='bbox 714 2813 768 2865; x_wconf 76' lang='grc' dir='ltr'>διε.</span> <span class='ocrx_word' id='word_1_164' title='bbox 786 2803 920 2880; x_wconf 81' lang='lat' dir='ltr'>Quamfi</span> <span class='ocrx_word' id='word_1_165' title='bbox 939 2805 1003 2883; x_wconf 86' lang='lat' dir='ltr'>quis</span> <span class='ocrx_word' id='word_1_166' title='bbox 1016 2807 1066 2867; x_wconf 87' lang='lat' dir='ltr'>le·</span> 
     </span>
    </p>
   </div>
   <div class='ocr_carea' id='block_1_5' title="bbox 369 2883 1068 2974">
    <p class='ocr_par' dir='ltr' id='par_1_7' title="bbox 369 2883 1068 2974">
     <span class='ocr_line' id='line_1_28' title="bbox 369 2883 1068 2974; baseline 0.006 -26"><span class='ocrx_word' id='word_1_167' title='bbox 369 2903 438 2948; x_wconf 80' lang='lat' dir='ltr'>vem</span> <span class='ocrx_word' id='word_1_168' title='bbox 452 2885 648 2974; x_wconf 58' lang='lat' dir='ltr'>conjecturam</span> <span class='ocrx_word' id='word_1_169' title='bbox 663 2902 767 2970; x_wconf 86' lang='lat' dir='ltr'>putet,</span> <span class='ocrx_word' id='word_1_170' title='bbox 784 2885 820 2948; x_wconf 90' lang='lat' dir='ltr'>de</span> <span class='ocrx_word' id='word_1_171' title='bbox 832 2883 884 2948; x_wconf 77' lang='lat' dir='ltr'>ina·</span> <span class='ocrx_word' id='word_1_172' title='bbox 894 2905 955 2946; x_wconf 89' lang='lat' dir='ltr'>non</span> <span class='ocrx_word' id='word_1_173' title='bbox 964 2886 1068 2952; x_wconf 89' lang='lat' dir='ltr'>admo·</span> 
     </span>
    </p>
   </div>
   <div class='ocr_carea' id='block_1_6' title="bbox 0 0 1341 3809">
    <p class='ocr_par' dir='ltr' id='par_1_8' title="bbox 0 0 1341 3809">
     <span class='ocr_line' id='line_1_29' title="bbox 0 0 1341 3809; baseline 0 0"><span class='ocrx_word' id='word_1_174' title='bbox 0 0 1341 3809; x_wconf 95' lang='lat' dir='ltr'> </span> 
     </span>
    </p>
   </div>
  </div>
 </body>
</html>
