2667 3809
454 520 888 598 PRAEFATIQ
984 549 1007 599 v

329 717 475 816 quentiae
493 713 707 788 admiratores
732 714 947 813 aeqoiffirnos,
962 716 1014 789 in·

330 829 486 903 concuffa
513 828 667 904 adversds
695 828 912 926 Antiquitatir
932 854 1012 903 coo·

331 961 513 1037 temptores
536 936 822 1038 propugnacula,
855 940 912 1035 qui
940 939 1014 1011 cinn

333 1048 450 1122 Graeci
465 1071 535 1121 turn
547 1049 667 1121 Latini
687 1045 867 1120 litteraturd
879 1049 1014 1119 innutris

329 1158 366 1234 ti,
383 1166 519 1235 voce&
535 1157 662 1258 scriptis
676 1158 711 1230 id
719 1158 852 1231 deinum
864 1161 1016 1257 pertice„

327 1278 393 1362 rint
415 1301 451 1350 ut
462 1302 503 1349 ne
519 1277 610 1350 sanus
622 1277 678 1350 ille
696 1284 732 1352 δι
750 1279 901 1375 antiquus
916 1273 1014 1372 sapor

327 1390 449 1465 diutiirs
463 1390 666 1465 hebesceret.
682 1389 761 1481 Qua
781 1388 915 1489 quidem
930 1390 962 1458 in
975 1412 1014 1463 re

326 1522 395 1570 non
411 1524 526 1596 parum
550 1498 703 1574 videntur
723 1496 878 1595 adjuviffe
898 1521 1015 1569 recen·

325 1632 378 1683 tes
398 1611 605 1708 Scriptorum
617 1612 752 1709 optimae
766 1633 854 1682 notae
873 1609 1015 1682 Latino·

326 1748 400 1796 runi
427 1723 588 1827 editiones
616 1751 713 1822 quae,
728 1748 794 1794 non
811 1723 876 1795 fine
906 1722 1015 1821 aliqua

325 1836 430 1931 gratia
453 1857 620 1933 excepte,
633 1835 707 1908 satis
733 1835 875 1933 probant
887 1857 1012 1934 quanto

324 1947 359 2019 in
381 1974 492 2021 errore
515 1951 716 2025 versarentur
734 1955 790 2051 qni
814 1950 858 2024 de
874 1951 1012 2048 politio·

323 2084 397 2131 rum
425 2060 606 2134 litterarum
643 2062 743 2136 salute
772 2062 791 2136 d
815 2061 1011 2138 nostratibus

321 2167 563 2266 desperandum
588 2173 851 2267 praenuntiarent.
877 2173 1009 2246 Felices

320 2278 425 2361 illos,
449 2277 573 2377 fiquid
591 2279 633 2351 de
645 2279 832 2378 Republica
851 2281 1007 2358 litteraria

319 2388 1009 2475 bmfimmmffl,mmmmm

321 2504 379 2600 qui
405 2502 637 2600 pervulgandis
650 2527 798 2578 veterum
822 2506 1005 2603 operibus,

318 2614 411 2684 tenui
431 2611 538 2710 giorid
549 2661 562 2696 ,
582 2637 650 2685 non
679 2614 771 2685 tenui
795 2612 930 2696 labore,
951 2621 1005 2690 in·

316 2719 503 2795 cubuertmt
535 2743 635 2823 atque
663 2725 840 2802 marinum
874 2728 1002 2803 iocum·

315 2827 424 2917 hm!

362 2943 488 3024 Nullus
510 2949 612 3051 porro
633 2950 768 3054 ignorat
800 2953 914 3049 quanti
952 2953 1003 3037 io]

771 3071 834 3149 a}
