2667 3809
361 400 446 486 lxviij
528 396 657 462 PR‘AE
685 406 902 462 CONIA

354 547 412 600 Jarn
434 547 502 598 necis
529 548 598 598 ultor
612 560 665 598 erat
677 547 781 612 pattiae3
792 544 852 609 -iatn
867 543 932 596 carde
950 545 1056 610 piorum

353 628 468 680 Perfusos
490 630 555 680 acies
573 631 665 696 legitur
677 631 758 681 visura
770 630 911 695 Philippos.

352 706 445 754 Caffius
454 706 495 754 hic
506 737 513 755 .
523 707 613 771 Magni
627 705 724 756 vindex
736 736 745 765 ‚
760 706 786 755 δι
795 704 935 765 Brutus‚in
943 703 1027 753 armis

351 782 497 836 intereunt.
510 786 602 836 Vic'tor
617 783 732 835 nundum
747 798 880 834 contentus
893 782 993 847 opimia·

350 864 478 914 Emeritas
492 863 558 915 belli
571 864 657 929 spoliis
671 867 757 917 ditasse
771 867 899 925 cohortis,

350 940 495 1004 Proscripfir
509 940 606 991 miserae
619 942 739 993 florentia
750 957 806 989 tura
827 947 977 1006 Cremonae;

348 1014 468 1076 Totaque
481 1017 604 1067 militibus
619 1018 729 1080 pretium
743 1020 853 1067 concessa
867 1017 982 1067 laborum

349 1094 435 1144 Praeda
450 1096 507 1144 fuit.
520 1098 645 1147 Violenta
670 1114 758 1147 manus
776 1098 895 1148 Bacchata
908 1113 950 1162 per
964 1107 1052 1163 agros:-

349 1174 416 1223 Non
426 1174 499 1224 flatus
508 1206 515 1232 ‚
523 1192 574 1225 uou
587 1179 638 1227 tela
648 1177 719 1231 Jovit
734 1209 743 1231 t
754 1193 806 1227 non
816 1177 931 1241 spumeus
940 1180 1022 1227 amnis
1033 1210 1043 1240 ‚

349 1252 414 1302 Nou
422 1254 515 1306 imbres
523 1256 602 1319 rapidi
612 1288 620 1310 ³
630 1270 750 1319 quantum
758 1255 934 1319 manutimpia
948 1257 1022 1305 vastat
1032 1283 1061 1312 r.

347 1326 454 1380 Mantua
469 1345 496 1380 tu
510 1333 640 1394 coniuncta
655 1338 712 1385 loco
722 1363 731 1391 ‚
743 1330 834 1382 sociata
846 1332 963 1395 periclis,

346 1406 411 1457 Non
427 1424 511 1461 tamen
525 1410 561 1462 ub
573 1414 693 1464 meritum
711 1412 829 1461 miseram
841 1410 936 1460 vicinia
950 1411 1026 1463 fecitr

346 1487 404 1541 Jarn
415 1493 489 1542 Maro
504 1490 585 1556 pulsus
601 1508 665 1544 erat.
678 1490 728 1545 Sed
742 1489 837 1541 viribus
849 1488 936 1541 obvius
945 1488 997 1540 ibat
1050 1525 1052 1530 -

345 1562 436 1618 Fretus
448 1571 591 1621 amicorum¹
604 1574 710 1633 clupeo:
727 1586 785 1619 cum
800 1584 863 1633 pene
876 1568 985 1619 nefando

343 1644 410 1695 Ense
423 1651 497 1710 perit.
512 1650 584 1713 Quid
591 1651 680 1701 dextra
692 1650 753 1709 furis
762 1649 841 1710 ?quid
850 1646 942 1697 viscera
949 1652 1047 1699 Romae*

344 1721 471 1789 Sacrilego
487 1743 605 1776 mucrone
622 1728 707 1789 petiti
722 1732 779 1777 Tua
788 1724 857 1774 bella
868 1722 960 1774 tacebit

343 1803 475 1857 Posteriras
487 1839 497 1859 a
509 1806 638 1871 ipsumque
652 1809 763 1858 ducem',
778 1806 828 1855 nist
838 1809 943 1855 Mantua
959 1804 1044 1857 dicat.-

342 1881 373 1933 N
374 1898 406 1929 ou
417 1886 475 1936 tulit
490 1887 553 1936 hauc
560 1885 655 1937 rabiem
663 1886 802 1936 doeiiffirna
815 1882 886 1935 turba
894 1899 1036 1949 potentum.

340 1966 397 2016 Itur
411 1964 442 2015 ad
456 1970 581 2020 auciorem
590 1986 681 2020 terum.
698 1970 768 2033 Quid
782 1970 888 2022 Martius
900 1971 990 2019 horror

340 2046 431 2109 Egerit
445 2077 453 2102 2
467 2048 617 2099 ostendunt:
631 2049 692 2111 quid
705 2063 764 2100 tunc
779 2047 918 2099 miseranda
931 2050 1035 2101 tulisset·

341 2121 444 2172 Caesaris
457 2124 499 2175 hic
511 2126 608 2191 placido
628 2142 689 2178 nuru
705 2140 848 2191 repetuntur
862 2126 950 2191 agelli.

339 2200 390 2253 His
401 2205 483 2254 autina
499 2206 596 2257 meritis
607 2202 667 2256 ciun
681 2205 760 2269 digna
777 2205 912 2268 rependere
927 2206 1008 2255 vellet
1023 2233 1041 2267 ,ν

338 2277 446 2330 Invenit
461 2296 579 2337 carmen,
595 2297 643 2343 quo
658 2295 761 2329 munera
780 2281 881 2327 vincere
892 2277 979 2339 pofl'et.
1046 2321 1048 2325 .

339 2359 437 2408 Praedia
451 2360 494 2409 dar
508 2362 604 2421 Caesar,
617 2375 723 2423 quorum
737 2358 820 2408 brevis
835 2356 888 2406 usus
902 2352 1033 2410 habendi:

339 2438 443 2493 Obtulit
453 2443 495 2491 hic
509 2440 593 2490 laudes
605 2472 615 2501 ,
625 2457 684 2503 quas
700 2439 787 2491 saecula
801 2436 870 2485 nulla
881 2433 1001 2491 silescant.

338 2520 448 2571 Pastotes
460 2519 551 2568 cecinit
565 2519 678 2582 primos,
692 2520 740 2568 hoc
755 2516 867 2565 carmine
881 2513 976 2566 Consul

338 2595 425 2648 Pollio
440 2592 552 2644 laudatur
565 2608 637 2645 terrae
649 2590 821 2645 revocantibus
835 2592 907 2641 annis

337 2676 492 2741 composito.
504 2678 559 2727 Post
574 2678 625 2728 haec
640 2677 704 2728 ruris
720 2689 838 2742 praecepta
856 2674 964 2727 colendi

338 2758 454 2822 Qatnu:
470 2752 685 2848 exposuitlibtin
699 2756 727 2812 δι
740 2753 959 2811 commodatura
1043 2819 1046 2826 ¹
