2667 3809
379 527 441 613 1va
568 533 905 590 PRAECONIA

377 677 463 731 Mater
476 676 548 730 Polla
561 677 626 740 fuit,
634 677 718 745 Magii
729 695 781 730 non
793 675 883 731 infima
900 681 992 745 proles.

377 763 464 824 Quem
480 760 595 814 socerum
609 761 719 829 probitas
732 761 793 815 fecit
801 759 852 823 ium
865 760 930 814 clara
940 765 1055 817 Maroni·

376 842 442 892 Haec
455 838 516 893 cium
528 857 629 892 maturo
642 853 796 906 premeretur
809 840 920 903 pondere
934 846 1048 906 ventris,

376 919 539 983 Ursolet,in
557 918 655 971 somnis
671 918 769 969 animus
782 931 888 970 ventura
901 915 1028 988 refingeut

378 996 500 1056 Anxius,
513 998 540 1048 ἃ
553 997 629 1062 vigili
646 995 792 1060 praesumere
806 995 897 1060 gaudia
910 1012 984 1060 cura,

377 1073 484 1127 Phoebei
496 1078 608 1128 nemoris
620 1092 722 1127 ramum
735 1076 825 1128 fudisse
837 1077 943 1139 putavit.

377 1155 404 1206 0
420 1153 492 1219 sopor
506 1156 630 1206 indicium
641 1157 715 1207 veri!
729 1157 768 1206 nil
782 1155 873 1206 certius
885 1171 992 1219 unquam

376 1238 473 1287 Cornea
486 1253 556 1303 porta
572 1240 642 1292 tulit.
656 1240 732 1290 Fadia
745 1241 778 1289 est
791 1239 926 1303 interprete
937 1243 1007 1292 lauro

374 1319 451 1368 certa
467 1332 573 1383 petent,
589 1319 721 1384 onerisque
730 1319 767 1371 sui
781 1332 931 1383 cognoverat
945 1336 1037 1373 artem.

376 1396 488 1450 Consule
504 1399 627 1463 Pompeio
641 1397 761 1452 uitalibus
776 1397 857 1450 editus
867 1398 947 1459 auris,

375 1477 410 1529 Et
424 1477 525 1536 Crasso,
539 1476 627 1542 tetigit
638 1490 716 1528 tetras
725 1507 734 1535 ‚
742 1491 791 1538 quo
803 1489 917 1539 tempore
930 1477 1021 1528 Chelas

376 1551 435 1605 Jarn
449 1553 521 1603 mitis
535 1551 647 1604 phaeton
661 1555 714 1617 post
729 1551 848 1618 Virginis
858 1569 902 1604 ora
914 1570 1041 1620 receptus.¹

374 1629 504 1682 Infantem
516 1630 607 1694 vagisse
625 1643 727 1694 negant.
738 1631 812 1683 Nam
831 1630 915 1681 fronte
926 1630 1010 1683 serena

375 1707 518 1774 Conspexit
529 1706 672 1766 mundum,
685 1708 725 1758 cui
742 1707 1070 1766 commodatantafcrtbat.

297 1786 300 1790 ’
375 1788 432 1855 Ipse
448 1793 584 1856 puerperiis
597 1789 769 1842 adrifitlaetior
783 1788 868 1853 orbit3

376 1871 460 1923 Tetra
471 1870 622 1922 ministravit
636 1867 711 1921 flores
719 1897 728 1927 ‚
745 1868 772 1917 dc
790 1881 896 1916 munere
910 1882 990 1919 verno

376 1947 492 2001 Herbidt
504 1947 627 2014 supposuit
639 1962 714 2011 puero
732 1945 858 1996 fulmenta
871 1944 1006 1998 virescens.

375 2030 515 2088 Praeterea,
529 2027 617 2078 sivera
632 2024 716 2086 fides,
729 2023 773 2076 sed
790 2039 851 2075 vera
867 2024 1002 2090 probatur,

375 2109 440 2160 Lara
460 2111 550 2160 cohors
562 2109 646 2172 apium
659 2105 739 2157 subito
751 2121 795 2170 per
809 2121 881 2166 tura,
898 2106 1002 2169 iacentis

373 2186 457 2243 Labra
472 2190 535 2240 favis
551 2189 635 2247 rexit,
652 2186 739 2236 dulces
749 2183 830 2236 fusura
840 2185 961 2248 loquelas.

375 2272 436 2323 Hoc
448 2271 576 2334 quondam
592 2271 620 2318 in
640 2267 708 2318 sacro
720 2281 820 2318 tautum
835 2268 924 2317 mirata
936 2269 1046 2320 Platone

375 2351 506 2402 Indicium
519 2349 613 2414 linguae
627 2361 754 2398 memorat
766 2344 861 2397 famosa
874 2347 986 2396 vetustas.

375 2429 426 2481 Sed
434 2431 530 2481 Natura
540 2443 626 2492 patens
637 2442 769 2493 properans
784 2427 907 2477 extollere
920 2428 1054 2488 Romam,

374 2508 490 2560 EtLatio
504 2505 577 2556 dedit
590 2507 656 2568 hoc,
669 2507 771 2571 nequid
782 2505 928 2557 concederet
941 2505 993 2554 uni.

374 2579 479 2654 Insuper
494 2589 533 2639 hit
549 2588 667 2652 genitor,
681 2590 734 2638 nati
750 2588 812 2638 dum
824 2590 875 2639 fata
888 2586 1012 2648 requirit,

374 2672 512 2735 Populetm
525 2668 602 2718 sterili
617 2670 718 2734 virgam
733 2667 865 2719 mandavit
878 2682 977 2729 areuae3

373 2753 504 2817 Tempore
511 2763 564 2812 quae
574 2750 668 2800 nutrita
675 2747 748 2799 brevi
757 2779 765 2808 ,
774 2748 836 2799 dum
842 2746 929 2799 crescit
936 2745 964 2794 in
971 2758 1068 2805 omne,

374 2833 462 2899 Altior
473 2830 577 2885 emicuit
587 2829 682 2880 condit
690 2859 699 2889 ,
716 2844 773 2892 quas
785 2843 888 2880 auxerat
906 2840 975 2878 τω.

326 2972 329 2980 ,
374 2913 436 2966 Haec
446 2905 546 2979 propter
557 2908 649 2975 putuit
662 2921 769 2974 puerum
778 2908 942 2965 committere
966 2902 1068 2970 Musti,
