2667 3809
363 545 398 640 vj
503 540 904 628 Minonis

323 760 327 770 ·
362 736 452 809 tersit
477 759 515 809 nt
543 762 618 836 quae
646 735 791 808 ornatiis
819 731 1057 818 excuduntur',

363 845 537 920 emendate
551 843 726 945 prodeant,
737 847 805 944 qub
823 846 906 917 naris
919 869 1057 916 emunc-

363 983 410 1035 tae
430 961 553 1032 criticis
578 959 639 1029 hac
665 956 865 1055 potiffinnnm
883 954 964 1028 dote
990 954 1057 1026 {ese

363 1074 430 1172 ipsa
453 1071 699 1146 commendent.
716 1069 774 1144 Est
787 1095 899 1144 autem
912 1067 994 1142 illud
1008 1067 1058 1140 fa-

364 1185 491 1258 miliare
503 1188 541 1255 iis
558 1186 675 1261 vitium
689 1186 747 1284 qui
759 1187 927 1257 auii'orenn
939 1206 1057 1282 quem·

363 1294 447 1367 libet
470 1293 488 1367 ὲ
514 1291 624 1363 medio
652 1294 857 1390 arripuerunt
870 1343 881 1376 ,
909 1314 946 1364 ut
980 1315 1057 1379 eum

364 1433 433 1480 non
457 1404 681 1479 admirandum
701 1405 824 1489 mode,
838 1405 895 1479 sed
910 1406 1058 1481 divinum

366 1518 466 1588 etiam
493 1517 662 1587 hominem
690 1514 898 1612 praejudicati
916 1514 1059 1614 quadam
1093 1547 1097 1556 ·

367 1630 527 1727 opinione
552 1625 729 1725 appellent.
749 1627 825 1698 Nos
846 1650 962 1700 contra
976 1627 1058 1700 nihil

366 1739 568 1814 ambitiosns
588 1738 643 1812 hic
665 1737 873 1837 praefabimur
901 1738 950 1813 de
967 1742 1058 1815 Po‘e'·

367 1873 475 1925 tarum
497 1852 695 1922 Latinorum
723 1849 871 1945 principe
898 1893 910 1933 9
934 1853 1059 1950 quippe

364 1981 468 2056 quem
489 1953 562 2026 satis
598 1953 744 2028 celebret
778 1952 983 2032 consentiens
1009 1961 1058 2034 vi,-

368 2069 452 2166 ginti
475 2091 580 2162 prope
602 2064 795 2138 saeculorum
824 2063 935 2149 fama,
960 2074 995 2142 &
1014 2065 1059 2143 ad

370 2180 464 2273 cujus
478 2173 741 2246 absolutiffimum
760 2176 929 2275 exemplar
943 2199 996 2249 tot
1007 2179 1058 2250 in.-

370 2284 613 2360 formatavario
632 2308 754 2382 genere
771 2291 937 2383 po'e'mata,
951 2312 1056 2388 eaque

347 2478 351 2488 ,
372 2400 509 2499 egregia
524 2445 536 2480 ,
550 2394 592 2468 ad
604 2421 665 2467 nos
674 2400 892 2494 pervenerint.

420 2616 462 2689 In
476 2611 612 2686 edendis
633 2637 742 2687 autem
756 2616 869 2691 summi
886 2627 968 2696 vatis
984 2654 1059 2702 car.

371 2724 511 2801 minibus
527 2727 728 2822 praecipuum
745 2723 866 2798 ducem
890 2729 992 2808 secuti
1006 2737 1060 2814 su·

371 2863 443 2912 mus
469 2837 631 2934 optimum
668 2858 767 2935 atque
809 2843 1059 2943 antiquiffimum

371 2949 489 3047 (mille
511 2972 738 3029 trecentorum
753 2975 914 3036 annorum
928 2985 1059 3058 aetatem
