2667 3809
268 581 382 670 xxxviij
415 587 805 648 wammam
845 586 849 592 ·

267 754 297 812 ⁸1
311 742 389 830 eqiia
400 743 547 830 probitatis
556 745 633 807 lama
643 744 845 826 leuatumque
864 736 959 808 sociass

267 835 318 893 bat
329 873 340 904 ,
352 847 386 892 ut
402 848 478 889 anno
495 825 626 909 proxime
648 827 782 905 sequente
800 823 961 909 administri

269 911 451 974 Brundusmae
471 908 549 988 pacis
571 906 629 968 uni
650 908 767 968 adhibiti
778 908 839 968 fint.
864 906 957 970 Certe

269 990 411 1055 Pollio'nis
421 991 452 1051 in
464 989 621 1081 Virgilium
633 988 729 1130 friora
740 988 818 1052 luille
828 989 933 1052 merita
945 1030 957 1061 ‚

271 1071 435 1135 Maecenatis
448 1088 561 1151 potiora
575 1111 585 1140 ‚
596 1090 632 1131 ve
658 1090 692 1129 ea
705 1091 750 1131 res
760 1073 865 1152 probat
878 1069 958 1148 quod

269 1155 372 1236 priorl
384 1151 508 1234 Virgilio
518 1151 608 1234 gratia
618 1151 767 1223 Pollioni,
779 1151 874 1234 major
886 1156 958 1212 Mae·

267 1234 362 1296 cenati
372 1234 462 1294 relata
476 1231 523 1290 fit:
537 1231 647 1315 Ecloga
659 1232 743 1292 unica
758 1253 827 1292 mox
834 1233 865 1293 in
878 1232 957 1292 illiue

269 1316 408 1376 honorem
418 1312 493 1373 edita
503 1352 513 1383 ‚
525 1312 787 1396 Georgicisdeinde
799 1313 878 1375 libris
887 1323 958 1393 qua-J

267 1417 335 1461 tuot
346 1395 429 1477 hujus
445 1392 562 1456 nomine
573 1395 751 1474 nuncupatis.

298 1478 393 1536 Fretus
401 1471 434 1534 ei
444 1475 693 1536 commendatione
701 1473 957 1559 Virgilius,agroe

268 1572 303 1618 ut
314 1555 453 1637 reciperet
474 1555 561 1627 suos,
573 1558 699 1616 Romam
712 1557 763 1617 sub
783 1555 850 1616 anni
869 1554 956 1635 hujue

268 1636 350 1699 initia
361 1634 481 1718 primiim
504 1637 592 1698 venit.
614 1637 724 1714 Quidni
737 1636 815 1698 enim
827 1635 956 1718 Virgilio

270 1719 346 1780 dese
365 1718 434 1780 fides
448 1718 606 1780 habeatur?
620 1725 658 1779 At
672 1714 781 1800 Eclogal
795 1714 887 1799 primi
905 1716 955 1777 sub

269 1800 362 1879 Tityri
381 1799 501 1880 persona
512 1800 640 1891 'testatur
657 1843 667 1873 ‚
686 1800 735 1860 fibi
758 1818 823 1858 ame
843 1794 957 1858 amissos

270 1880 956 2046 zlll‘zlil:lllllllzlfllllg'l

271 2043 337 2100 huic
355 2040 591 2122 noslraefimilem,
612 2041 673 2105 (fc.
690 2043 718 2102 se
730 2043 865 2102 libertatis
879 2038 955 2104 obti-

268 2119 367 2182 nendae
387 2118 477 2203 gratizl
500 2121 537 2182 εὸ
559 2123 737 2203 profestum:
757 2131 858 2204 Ecquae
875 2143 955 2184 tanta

245 2212 248 2219 '
264 2205 328 2285 fuit
338 2211 449 2262 Romam
460 2205 516 2263 tibi
523 2205 602 2282 caufh
611 2205 746 2266 videndi?
757 2207 953 2276 Libertas,&c.

310 2287 380 2345 Eam
391 2285 429 2344 ob
441 2305 501 2345 rem
517 2284 591 2347 inter
602 2287 709 2348 fabulas
730 2302 801 2368 puto
818 2285 956 2366 quicquid

270 2366 355 2427 habet
375 2365 440 2428 vitae
461 2365 590 2449 Scriptor
603 2369 639 2429 de
663 2369 723 2452 ejus
747 2367 782 2426 ad
802 2365 956 2430 Ollaviani

270 2447 392 2530 gratiam
406 2447 502 2512 aditu:
516 2448 593 2526 qubd
604 2449 740 2532 magistro
757 2447 859 2509 stabuli
872 2471 955 2525 carus

292 2526 394 2586 rimilm
414 2527 499 2587 fuerit
512 2549 520 2586 ε
534 2528 611 2606 qued
625 2550 710 2608 panes
724 2528 817 2589 eidem
832 2572 842 2601 ,
857 2547 890 2591 ut
902 2530 954 2591 uni

268 2550 290 2666 i
308 2605 465 2665 stabulariis
486 2607 516 2668 in
543 2608 667 2692 lingulos
688 2609 746 2669 dies
771 2610 851 2670 dati:
874 2611 955 2690 qubd

268 2685 465 2758 Oelavianus,
484 2686 521 2749 de
542 2709 647 2771 genere
669 2711 703 2751 ac
727 2707 806 2771 patre
825 2691 875 2751 suo
900 2693 957 2755 ali·

267 2765 383 2844 quando
405 2764 570 2841 sollicitus,
595 2771 768 2833 consuluerit
791 2770 825 2831 ei
851 2772 887 2833 de
922 2792 955 2838 re

266 2844 449 2942 stabularium
470 2853 618 2911 Maronem
630 2871 639 2922 3
653 2853 769 2934 ejusque
789 2851 875 2956 omerzl
888 2855 956 2936 spe-

266 2944 372 2996 ravent
383 2931 535 3013 patremse
555 2931 633 3017 poffe
652 2934 734 3001 suum
751 2950 829 2998 certo
844 2934 954 3010 intellis
