2667 3809
306 510 365 585 ,κῃ
418 506 603 581 euecti
633 513 871 568 rrncrtrr

337 667 478 729 'eorumd
491 666 588 728 medio
601 666 690 746 usque
707 665 742 727 ad
757 665 845 728 tinem
855 665 917 749 ejus
935 664 1007 728 lau·

338 771 386 811 em
396 749 572 810 continerett
586 769 674 827 quem
684 747 801 828 postea,
813 747 931 831 jubente
943 755 1009 808 Au-

318 829 419 916 gusto,
429 828 461 890 in
475 829 582 892 Aristaei
590 829 716 891 fabulam
727 827 926 890 commutavit.

360 911 506 1004 Georgica
527 909 673 990 septennio
696 909 823 989 Neapoli
846 931 855 968 ε
887 906 1009 971 AEneida

318 991 422 1074 partim
441 1012 471 1052 rn
481 991 601 1062 Sicilia,
615 988 717 1072 partim
730 989 761 1049 in
772 988 932 1070 Campania
950 1009 1010 1050 un·

319 1072 414 1135 decim
433 1072 512 1132 annis
528 1070 661 1133 confecit.
683 1069 822 1130 Bucolica
834 1090 872 1132 eo
882 1067 1009 1134 successu

319 1152 428 1223 edidit,
442 1167 476 1212 ut
487 1152 518 1211 in
532 1150 613 1212 scena
620 1170 736 1230 quoque
750 1170 800 1231 per
810 1168 938 1211 cantores
948 1162 1011 1210 etei

318 1231 369 1295 brd
375 1231 610 1314 pronunciatione
619 1230 813 1293 recitarentur.
827 1233 868 1291 At
878 1227 943 1291 cirm
955 1230 1010 1292 Ci·
1049 1261 1055 1272 ·

320 1332 391 1373 cero
406 1311 543 1394 quosdam
553 1312 648 1374 versus
663 1308 799 1384 audiiset,
812 1318 838 1372 dt
849 1311 1010 1377 statimacri

317 1392 427 1478 judicio
438 1390 619 1455 in'tellexiffet
630 1405 688 1452 non
700 1392 848 1453 communi
862 1386 938 1453 vend
947 1392 1011 1454 edi·

318 1489 383 1546 tos,
398 1471 474 1555 jullit
485 1476 521 1535 ab
535 1474 617 1534 initio
627 1490 717 1534 totam
728 1474 867 1556 Eclogam
878 1472 1009 1535 recitarit

319 1568 406 1634 quam
417 1552 484 1616 cirm
498 1552 630 1616 accurati*-
645 1551 814 1634 pernotall'et
824 1596 834 1625 ,
844 1555 875 1614 in
883 1555 939 1614 fine
947 1553 1012 1628 ait,

320 1646 430 1718 Magna
443 1636 510 1719 spes
543 1635 633 1698 alteru
648 1644 754 1708 Roma,
777 1635 853 1713 quast
870 1633 929 1713 ipse
951 1635 1012 1696 lin-

320 1738 384 1800 guae
396 1716 499 1778 Latina
516 1716 576 1798 spes
593 1718 683 1796 prima
694 1712 805 1786 luiffet,
821 1721 847 1774 ἃ
866 1720 951 1791 Maro
966 1715 1012 1777 fu·

320 1812 400 1859 turus
409 1796 614 1859 effetsecunda.
624 1799 700 1874 Quae
709 1795 796 1877 verba
805 1794 1012 1877 polleaAEnei-

320 1878 372 1938 dii
393 1877 554 1939 seinseruit.

302 2010 310 2021 .
390 1957 533 2041 eorgica,
556 1954 670 2018 reverso
695 1957 730 2016 ab
751 1954 868 2017 Adiaca
891 1952 1022 2020 vitoda

320 2037 466 2121 Augusto,
486 2051 570 2115 atque
583 2035 800 2097 reficiendarum
813 2036 917 2097 virium
935 2057 1010 2097 cau-

320 2114 352 2178 si
364 2117 464 2179 Atella
477 2116 687 2189 commoranti,
699 2136 750 2199 per
759 2117 927 2179 continuum
937 2137 1011 2196 qua-

320 2198 446 2259 triduum
454 2199 546 2282 legit:
557 2197 723 2278 suscipiente
732 2203 890 2262 Maecenate
904 2199 1009 2280 legen·

321 2278 350 2339 di
366 2280 482 2351 vicem,
497 2279 608 2358 quoties
619 2279 847 2360 interpellaretur
856 2279 914 2372 ipse
925 2278 1011 2340 vocir

321 2359 689 2432 offenfiom.Pronuntiabat
697 2378 794 2421 autem
804 2381 928 2420 maxima
937 2379 1007 2420 cum

303 2440 480 2513 navim,
497 2447 525 2499 dt
542 2439 702 2521 lenociniie
712 2438 799 2500 miris.
819 2445 927 2500 Seneca
949 2457 1009 2519 tra?

319 2519 414 2592 didit,
427 2518 539 2600 Juliurn
560 2525 733 2582 Montanum
752 2518 869 2581 Po'e'tam
891 2519 1027 2580 solitum'

321 2600 437 2671 dicere,
451 2599 644 2661 inuolaturum
664 2601 834 2680 sequendam
857 2599 1008 2682 Virgilio,

323 2679 380 2740 fi&
391 2698 495 2742 vocem
508 2677 607 2760 pollet,
620 2688 699 2754 tros,
712 2679 926 2764 &hypocrilimr
938 2680 1006 2741 eos-

322 2759 389 2819 dem
399 2760 478 2821 enirn
495 2761 614 2833 verfits,
633 2781 671 2823 eo
689 2762 915 2842 pronunciante,
933 2763 1008 2825 bene

296 2853 300 2858 “
322 2841 441 2918 souare3
457 2841 775 2918 fineilloiuarescere,
797 2842 873 2926 qual
897 2859 1006 2909 mutos.
