2667 3809
389 481 613 571 'maome
635 490 875 568 msuouiass
914 505 1009 571 xxxix

322 684 391 750 gete
401 708 412 739 ‚
423 664 491 745 quia
503 664 526 726 ie
540 666 575 726 de
588 685 692 726 canum
702 685 900 746 equorumque
941 689 1010 730 ene-

320 769 396 809 reac
409 746 572 827 patentibus
585 745 650 806 scite
662 747 803 806 interdum
814 689 1007 827 respomiebat.

322 825 420 888 Fuerit
437 825 586 888 enimvero
615 825 730 886 Maroni
760 824 906 917 singularis
928 830 1009 904 illa,

323 904 412 984 quam
427 905 514 985 reipsa
531 904 611 966 fuiffe
622 907 687 966 libri
700 905 837 997 Georgici
851 906 1011 981 declarant,

324 987 369 1048 rei
391 986 562 1048 veterinariae
575 987 698 1067 peritia;
717 985 898 1079 fuemntnhaec
918 989 1012 1048 omnia

324 1087 387 1145 quae
400 1085 543 1128 narrantur
554 1083 716 1148 temporum
729 1086 830 1129 rauom
842 1089 1013 1128 accommo-

322 1149 379 1220 da,
393 1165 424 1208 ut
436 1147 553 1210 minime
566 1150 628 1210 sunt
638 1192 647 1221 ,
658 1149 720 1229 quis
733 1167 845 1211 tantum
859 1147 1012 1211 Odaviani

320 1227 401 1289 fuiffe
411 1229 554 1310 stuporem
563 1231 658 1291 credat
669 1274 679 1304 ‚
690 1248 723 1292 ut
735 1231 911 1293 veterinariae
922 1231 1012 1292 medi-

320 1309 389 1370 cinae
401 1330 463 1371 eam
475 1310 529 1372 effe
544 1312 604 1372 vim
616 1311 664 1370 fibi
679 1312 876 1390 persuaderem
888 1330 938 1372 aut
948 1331 1010 1374 tan-

320 1406 380 1450 tum
403 1391 525 1452 Romani
547 1392 635 1453 moris
648 1392 805 1464 inscitiam,
820 1411 852 1453 ut
865 1400 893 1454 le
907 1402 1008 1475 Regem

318 1475 528 1552 magnanimum
546 1472 724 1554 appellaret?
740 1475 801 1532 Aut
811 1473 860 1552 ipsi
880 1475 1007 1557 Virgilio

319 1569 433 1613 tantum
445 1551 609 1614 futurorum
628 1570 787 1614 eventuum
806 1553 958 1625 notitiam,
975 1574 1010 1615 ut

321 1631 516 1692 Ollovianum
543 1633 661 1714 Augusti
684 1631 800 1692 nomine
827 1634 1011 1712 appellaret,

320 1730 389 1771 ante
401 1732 490 1771 annos
502 1711 654 1773 minimum
675 1711 910 1791 quatuordecim,
925 1713 1011 1792 quim

322 1790 391 1852 effet
411 1791 564 1854 honorifica
588 1793 640 1854 illa
652 1792 807 1874 appellatio
825 1795 886 1878 ejus
899 1792 929 1854 in
942 1816 1011 1878 gra-

322 1872 392 1933 tiam
406 1871 539 1933 instituta.
561 1873 664 1950 Quid?
680 1876 769 1943 Jocus
786 1875 843 1954 ipse
863 1875 1010 1954 qulmin·

319 1953 426 2014 sulsus!
450 1953 564 2017 Pistoris
578 1957 670 2016 filium
686 1955 734 2031 fibi
751 1954 942 2019 Ooavianum
961 1956 1008 2020 vi-

319 2033 392 2106 deri,
402 2033 479 2114 quod
491 2057 576 2116 panes
587 2036 742 2098 liberaliter
753 2037 955 2121 erogaret.Cui
968 2039 1010 2101 fa-

319 2115 394 2177 bulae
406 2117 506 2176 locum
520 2138 592 2196 puto
606 2114 749 2198 praebuiffe
761 2117 838 2194 quod
851 2119 927 2199 apud
941 2120 1012 2179 Sue-⁸

319 2197 434 2259 tonium
446 2195 553 2278 legitur
565 2222 573 2260 e
589 2197 749 2256 Antonium
761 2198 921 2259 Ostaviano
936 2197 1011 2260 inter

318 2294 420 2340 cetera
436 2278 539 2356 probra
549 2275 666 2338 solitum
679 2276 823 2359 objicere,
835 2278 915 2357 quod
924 2280 1012 2359 prom

316 2379 392 2423 vum
404 2358 520 2419 haberet
532 2356 678 2438 pistorem.

357 2444 425 2502 Hoc
444 2439 542 2517 itaque
555 2460 631 2501 anno
647 2435 749 2518 scripta
770 2435 809 2498 est
822 2435 933 2520 Ecloga
947 2437 1009 2519 pri·

316 2519 430 2600 maqul
442 2520 533 2582 Po'e'ta
544 2519 664 2582 suumin
677 2541 748 2603 agro
760 2519 953 2598 recuperando
965 2520 1007 2582 fe·

317 2601 459 2663 licitatem
485 2602 534 2662 sub
562 2601 596 2663 Τ
630 2598 795 2662 rinomine
817 2601 1004 2679 representat.

317 2682 443 2743 Proinde
455 2682 600 2744 exorsuse
644 2683 801 2754 Bucolica,
823 2679 887 2743 clun
897 2703 1004 2745 annum

317 2763 646 2824 decurretetnonumac
663 2763 855 2848 vigefimum'3
879 2763 1004 2826 necdum

318 2843 391 2909 Idus
405 2843 545 2908 octobres
557 2842 710 2929 aegila,
733 2864 792 2929 quo
808 2861 938 2928 tempore
954 2844 1006 2908 ui·
