2667 3809
307 399 368 444 xxx
422 378 863 442 PUBLIIVIRGILH
914 425 916 429 «

305 537 417 602 nutrice
429 535 609 617 colloquium
622 559 632 611 3
645 537 729 600 locus
753 536 872 598 omnino
892 555 1001 601 exaraa'

206 675 209 680 ,
306 639 352 682 tus
364 619 621 681 adlimilitudinem
639 620 717 682 illius
736 617 897 697 colloquii,
918 617 999 698 quod

306 701 393 763 habet
404 702 538 781 Myrrha,
551 700 635 780 patris
644 718 743 762 amore
756 698 914 771 insaniens,
929 721 999 761 cum

307 783 419 844 nutrice
428 782 498 843 item
510 783 578 853 sua,
595 786 713 843 Metam.
724 780 745 841 l.
758 801 789 848 9·
800 783 866 842 Nec
876 780 1000 842 abstinet

308 865 414 942 Scyllae
432 862 528 924 nutrix
548 865 583 922 ab
606 862 743 943 exemplo
764 858 848 941 ipfius
873 859 1000 938 Myrrhae

307 943 503 1039 proferendo:
529 959 560 1003 ut
579 942 665 1023 plane
688 939 846 1003 existimem
866 940 1000 1015 ficlorem

308 1024 394 1084 illum
408 1023 572 1105 Virgilianae
594 1021 670 1082 Ciris
693 1021 729 1081 ad
758 1020 905 1100 Myrrham
919 1020 1000 1083 Ovi-

309 1105 422 1164 dianam
439 1104 514 1162 inter
525 1101 702 1162 scribendum
724 1102 827 1162 oculos
839 1098 999 1162 intendiffe.

309 1187 380 1259 Non
399 1182 440 1243 est
462 1181 471 1240 i
495 1182 550 1243 ‘tor
569 1181 725 1243 audiendus
745 1181 901 1264 Scaliger,
930 1177 1000 1243 clm

310 1261 406 1325 Cirim
447 1201 530 1324 infin
555 1261 644 1343 ipsam
666 1261 804 1324 ultimum
826 1259 880 1323 effe
900 1260 1000 1322 statuit

307 1365 382 1425 opus
402 1343 519 1426 Virgilii
540 1384 551 1416 ,
575 1342 661 1403 etiam
690 1341 810 1403 AEneide
831 1339 999 1424 posterior:

309 1444 472 1504 quanquam
485 1422 563 1484 enim
586 1423 679 1485 fusum
700 1421 739 1483 est
752 1421 880 1485 feliciore
902 1417 1001 1496 venl,

311 1506 401 1585 quim
416 1504 539 1578 Culex,
558 1521 655 1567 tamen
673 1503 768 1588 jacent
788 1501 866 1564 ineo
880 1503 974 1565 multa
988 1541 1000 1575 ‚

310 1586 404 1647 inulta
425 1585 566 1657 horrent,
588 1585 679 1646 nitent
700 1583 786 1663 quim
806 1581 968 1664 paucilfima
989 1604 1000 1645 a

310 1665 393 1727 neci
412 1666 465 1727 Vir
486 1664 537 1725 ilio
552 1665 731 1736 senescente,
754 1670 781 1724 ἃ
802 1685 882 1742 aequo
902 1683 1002 1725 rerum

309 1746 423 1807 suarum
436 1687 602 1804 xliinatore
621 1745 701 1805 scribi
713 1744 826 1804 tantillo
840 1743 869 1818 in
883 1739 1004 1823 po'e‘ma·

280 1889 283 1893 ,
310 1824 478 1903 ίὶο,ροῐιιὶι;
491 1827 562 1882 Acci
581 1846 595 1885 e
608 1828 677 1884 dona
689 1845 746 1884 meo
759 1823 876 1884 multllm
887 1823 1003 1906 vigila-

310 1923 341 1964 ta
355 1904 468 1973 labore,
481 1923 535 1964 nec
577 1904 705 1988 irgilium
717 1902 878 1983 juvenem,
895 1910 922 1965 &
937 1909 1002 1968 Bu·

312 1984 429 2054 colica,
444 1984 588 2068 Georgica
608 2027 618 2057 ‚
642 1985 762 2044 AEneida
782 1983 966 2047 meditantem
989 2025 1002 2058 ,

311 2083 424 2128 tantum
438 2064 479 2125 rei
502 2065 621 2146 po'e'ticae
641 2067 700 2148 jam
721 2083 784 2127 tum
807 2076 930 2147 coeperat
953 2081 1003 2125 tae-

314 2147 394 2208 dium
405 2189 415 2218 ,
428 2163 460 2208 ut
472 2146 502 2205 in
515 2146 573 2208 hoc
594 2165 653 2206 tam
675 2146 736 2208 levi
762 2167 849 2226 opere
875 2145 1002 2208 definere

315 2250 374 2288 non
395 2227 550 2289 dubitaret:
563 2236 597 2287 In
630 2251 663 2286 uo
671 2232 737 2298 jure
749 2248 823 2288 meas
837 2228 944 2286 urinam
954 2248 1003 2287 re-

316 2307 454 2389 quiescere
470 2307 584 2382 Mufirs,
641 2308 745 2368 leviter
759 2307 891 2367 blandum
913 2307 1002 2366 liceat

316 2391 447 2466 deponere
457 2407 568 2447 morem.
578 2391 642 2448 Nec
652 2387 761 2463 juvenis
775 2389 882 2471 itaque,
894 2407 950 2452 nec
960 2386 1004 2461 se-¹

315 2485 372 2528 nex
383 2465 522 2552 Virgilius
537 2467 631 2530 Cirim
640 2467 755 2554 scripio
